2296 3900
405 99 441 164 L
483 122 495 166 1
535 122 556 168 a
596 122 617 167 e
659 123 695 169 u.
897 107 980 185 2167

103 210 256 278 studuimus
276 214 294 278 i
316 218 409 279 surore
435 236 576 282 revocare,
614 221 682 280 vicit
701 222 832 281 amentia·
849 218 977 281 levissimi

102 294 225 355 hominu
249 294 367 355 nostram
390 296 572 373 prudentiam.
613 315 666 356 nec
694 309 789 357 tamen
810 308 919 356 tantum
945 300 976 356 in

102 370 244 431 statuenda
257 372 381 449 uLepidi
395 373 478 432 statua
505 373 610 433 netum
632 373 670 433 est
685 374 751 434 mali
767 418 776 445 ,
795 386 931 452 quantam
945 374 1001 442 ing
1012 378 1080 457 sepit

103 449 253 508 evertenda
279 449 356 508 boni.
406 450 472 509 Satis
487 450 573 510 multa
594 450 630 508 de
650 450 809 511 honoribus.
848 467 923 509 nunc
938 448 974 508 de
983 443 1032 491 ⁴²¹²·
1061 466 1065 473 ·

101 538 186 658 foena
199 542 285 599 pauca
300 525 361 585 sunt
374 526 499 586 dicenda.
538 526 664 587 Intellexi
679 529 755 587 enirn
777 545 812 587 ex
834 528 887 585 tuis
901 524 975 601 saepe

111 600 213 669 itteris,
232 603 303 660 rein
318 604 365 670 iis,
386 621 456 679 quos
470 603 543 662 bello
557 602 881 673 devicisti‚ciementiam
896 614 974 660 ruam

56 684 64 699 '
102 676 175 735 uelle
188 677 298 736 laudari.
337 680 471 738 Existimo
485 680 617 757 equidem
630 680 698 739 nihil
712 679 728 738 d
743 691 788 749 te,
807 678 857 737 nisi
872 678 976 754 sapien·

101 762 152 810 ter.
192 753 246 812 Sed
260 753 364 814 sceleris
387 773 499 830 poenam
522 758 733 831 praetermittere
752 754 792 831 (id
816 756 892 813 enim
913 752 976 825 est,

104 828 184 904 quod
199 843 315 888 vocatur
328 831 481 907 ignoscere)
501 835 583 891 etiam
599 831 619 890 fi
632 834 661 891 in
676 834 772 890 ceteris
784 833 863 890 rebus
876 830 976 889 tolera·

101 904 156 963 bile
171 906 225 976 est,
244 908 273 965 in
287 908 344 966 hoc
359 908 430 966 bello
445 910 626 985 perniciosum
669 920 727 966 uro.
766 908 881 965 Nullum
898 909 974 965 enim

101 981 205 1040 beilum
227 982 308 1041 civile
329 985 381 1042 fuit
401 986 431 1043 in
451 984 540 1043 nostra
561 1002 628 1061 repu
657 985 697 1041 'ca
717 987 870 1051 omnium,
909 996 974 1061 quae

101 1059 241 1118 memoris
256 1056 462 1129 messuerunt,
481 1062 510 1119 in
525 1078 583 1137 quo
597 1060 669 1118 besso
684 1078 743 1120 non
764 1104 772 1129 ‚
791 1072 916 1119 utrarum
939 1076 975 1117 ue

102 1150 164 1209 pars
178 1133 299 1204 vicisset,
318 1150 413 1196 tamen
427 1136 516 1214 aliqua
540 1138 630 1195 forma
651 1132 717 1194 esset
738 1138 828 1196 futura
849 1077 976 1211 reipulli-

103 1226 155 1268 cae.
194 1213 249 1272 hoc
262 1211 335 1272 bello
350 1213 469 1271 virtores
489 1230 574 1289 quarn
595 1212 793 1287 rempublicam
808 1212 996 1272 hs1musha·u
1013 1226 1079 1275 sumu

102 1284 184 1345 bituri
204 1306 263 1347 non
284 1288 375 1347 facile.
388 1290 562 1348 affirmarim:
583 1288 660 1346 vietis
674 1300 748 1346 certe
762 1288 834 1347 nulla
848 1304 973 1365 unquam
982 1289 1032 1337 aut.

102 1364 164 1421 erit.
201 1365 268 1423 Dixi
281 1366 363 1441 igitur
375 1364 519 1425 sententias
531 1367 561 1423 in
575 1367 751 1433 Antonium,
771 1365 828 1423 dixi
847 1366 876 1424 in
891 1365 977 1441 Lepi·
1026 1355 1081 1413 ¹²²ss-

103 1438 172 1497 dum
188 1439 308 1499 severas:
328 1459 420 1518 neque
434 1454 492 1501 tam
506 1438 652 1499 ulciscendi
665 1440 766 1511 causa,
786 1440 871 1517 quiam
893 1452 924 1499 ut
944 1427 1079 1500 &⁶³³¹

102 1514 132 1573 in
147 1516 263 1590 praesens
276 1517 417 1576 sceleratos
431 1518 504 1575 cives
519 1520 620 1575 timore
634 1516 667 1574 ab
688 1517 875 1593 impugnanda
889 1518 973 1592 patria

103 1591 287 1652 deterrerem:
309 1596 339 1652 δι
352 1594 419 1653 ⁶⁰in
432 1594 570 1668 posterum
596 1593 799 1652 documentum
814 1593 970 1662 statuerem,

103 1670 201 1743 nequis
215 1669 297 1727 talem
313 1672 465 1728 amentiam
480 1670 561 1727 veliet
576 1670 684 1727 imitari.
721 1687 890 1747 quamquam
909 1669 972 1727 haec

102 1745 216 1819 quidem
242 1746 374 1804 sententia
400 1763 460 1803 non
475 1746 560 1820 magis
574 1762 637 1803 mea
660 1747 712 1803 fuit
731 1745 815 1823 qu'am
832 1747 971 1804 omniurn.

102 1820 136 1878 In
151 1839 205 1895 qua
220 1821 328 1879 videtur
342 1819 407 1878 illud
422 1817 475 1878 esse
490 1822 617 1889 crudele,
636 1820 713 1894 qudd
729 1822 761 1878 ad
777 1822 875 1879 liberos
892 1864 900 1889 ‚
920 1822 969 1897 qui

99 1897 168 1955 nihil
183 1908 358 1964 meruerunt,
379 1914 461 1971 poena
475 1898 610 1972 pervenit,
648 1896 702 1955 Sed
719 1896 747 1955 id
762 1894 807 1954 t&
821 1897 985 1972 antiquumi
1001 1898 1053 1943 ariis

101 1971 158 2041 est,
179 1974 209 2032 &
222 1974 351 2033 omnium
365 1974 508 2031 civitatum
525 1992 532 2030 ε
552 1971 684 2059 siquidem
707 1974 788 2030 etiam
810 1960 1031 2033 &Themi-‘is
1041 1962 1075 2008 &-

101 2048 178 2107 siocli
192 2050 267 2109 liberi
283 2063 425 2125 eguerunt.
465 2051 520 2119 δι,
539 2047 559 2106 s1
575 2046 683 2124 judicio
704 2047 848 2107 damnatos
867 2048 966 2107 eadem

100 2142 185 2201 poena
200 2125 319 2202 sequitur
332 2126 406 2185 cives
421 2168 430 2195 ,
456 2124 507 2213 qui
520 2126 661 2200 potuimus
674 2124 791 2183 leniores
806 2120 858 2182 esse
872 2124 901 2183 in
915 2122 968 2183 ho·

99 2198 173 2258 stes?
193 2201 269 2333 ssuid
283 2212 377 2260 autem
392 2218 470 2279 quen
484 2200 572 2277 potest
593 2201 736 2277 quisquam
758 2200 792 2258 de
814 2200 901 2271 ¹1me,
914 2201 969 2277 ‘qui
976 2192 999 2244 k·
1008 2194 1032 2247 se
1040 2196 1080 2244 ⁴1¹³

101 2274 192 2335 strici
214 2288 257 2342 et,
276 2278 447 2337 acerbiorem
460 2276 487 2336 se
502 2279 530 2337 in
547 2294 595 2335 me
608 2277 732 2343 futurum
748 2272 824 2335 fuisse
837 2276 970 2345 confitet-

98 2361 145 2408 tur
158 2349 264 2410 necesse
283 2351 340 2412 est?
360 2354 454 2413 Habes
471 2355 612 2431 rationem
623 2364 748 2413 mearum
763 2352 970 2425 sententiarum,

99 2426 212 2485 dehoc
232 2426 334 2502 genere
355 2430 487 2489 duntaxat
507 2430 620 2488 honoris
647 2430 677 2487 &
698 2447 800 2507 poenae.
840 2431 915 2489 Nam
935 2429 971 2501 de

100 2504 198 2562 teretis
212 2505 291 2563 rebus
304 2504 371 2581 quid
383 2505 528 2574 senserim,
543 2505 666 2581 quidque
681 2505 849 2576 censuerim,
868 2502 969 2569 audisse

940 2592 970 2641 te

132 2740 171 2780 ⁶0,
188 2739 213 2779 ln
226 2732 329 2794 pasterum
339 2733 486 2780 documentum
495 2732 629 2791 statueram]
643 2736 697 2780 Vox
712 2732 857 2781 documentum
867 2730 970 2797 suspesta

99 2796 161 2870 mihi
172 2807 316 2871 ’‚¹¹.⁰q¹³²3¹¹
327 2794 341 2844 d
354 2793 429 2871 'scriba’
444 2795 523 2862 purius
543 2794 615 2857 quim
632 2796 723 2868 Tullio.
741 2798 807 2868 Grata.
829 2802 880 2871 ⁸Au
891 2797 969 2858 potuit
1065 2809 1068 2814 ’

96 2854 968 2997 utrurtruttufrriuturni‚stitutum

95 2983 895 3111 ⁶¹¹¹}isidis&iuffisfg‘iiissiispiiins¹621tissimum
905 3044 966 3099 turo

97 3124 149 3159 arv.
168 3108 293 3173 Antiquam
305 3111 370 3159 Lede.
381 3124 432 3175 rap.
446 3122 481 3160 12.
498 3111 562 3157 Gna.
595 3108 638 3157 sed
672 3124 727 3157 uum
739 3115 851 3160 Gnuenrs
866 3110 891 3158 in
900 3110 966 3174 prio-

96 3170 158 3221 rsuua
172 3170 235 3221 adeo
245 3171 401 3223 scrumosum
412 3172 496 3221 nitoris
505 3172 610 3220 Tulliani
622 3171 638 3219 d
676 3174 774 3222 araverit
786 3207 793 3229 ,
809 3189 849 3221 cur
859 3186 923 3220 nune
930 3170 964 3222 sic

96 3234 144 3283 edit
156 3267 164 3288 ‚
182 3248 255 3297 quum
267 3235 331 3286 Rob.
345 3237 476 3299 &tustanus
485 3236 511 3284 dt
523 3236 642 3283 Antonius
657 3234 740 3298 Juntas
752 3251 781 3283 ex
796 3236 904 3285 vislerio
913 3237 963 3295 iam

96 3296 250 3347 erhibuenant
257 3297 403 3357 Themistocli,
419 3298 484 3362 quod
496 3295 545 3345 fine
557 3297 629 3346 dubio
639 3295 800 3361 sedamnasui.
817 3299 962 3353 Monetium

95 3359 243 3471 {mistum
252 3360 462 3437 numqueri'prqr
472 3364 587 3433 quisqam
595 3363 621 3445 de
626 3360 708 3429 sembi
720 3366 783 3425 qum·
790 3360 823 3411 est
832 3361 962 3428 deplorare.

188 3456 196 3475 ⁹
509 3494 613 3551 fram
629 3505 645 3547 4
856 3494 894 3536 ⁶2·
912 3488 965 3537 Vir·
