2296 3900
156 130 349 195 Earsr.
390 145 463 191 aar>
506 134 808 194 Atticum.
855 135 933 205 ¹357

50 234 120 293 duta
153 234 184 293 dc
203 233 304 293 litteras
325 233 475 307 attulerunt
494 231 554 292 μὴ
577 231 611 291 C.
631 233 725 291 Mario
755 234 788 292 C.
804 235 834 290 F.
846 231 879 289 C.
894 230 933 288 Ν.

52 311 150 369 multis
164 311 252 368 verbis
264 326 347 384 agere
360 326 474 367 mecum
489 326 538 384 per
551 311 771 384 cognationem,
807 327 852 367 uae
864 307 934 366 mihi

54 383 152 447 secum
166 383 249 454 effet,
269 403 319 460 per
332 402 398 444 eum
413 384 561 454 Marium,
582 403 669 462 quem
686 385 774 460 scripsi
796 403 866 454 em,
886 400 936 459 per
960 378 1088 438 accub*
1126 382 1128 389 '

57 462 250 537 eloquentiam
273 461 346 519 oL.
361 461 445 520 Craffi
460 503 470 530 ,
488 464 534 520 avi
554 462 611 531 sui,
632 477 663 519 ut
682 462 709 520 se
731 460 908 520 defenderem
927 477 936 517 a

59 539 227 614 causamque
241 537 318 597 suam
342 539 411 596 mihi
431 537 589 614 perscripsrt.
629 537 745 613 rescripsi
767 550 885 613 patrono
899 536 938 595 illi
959 604 965 618 ἱ

61 616 128 674 nihil
150 633 221 690 opus
243 611 297 672 effe
320 657 329 684 ‚
363 616 497 691 quoniam
528 615 664 682 Caesaris,
685 616 833 689 propinqui
861 615 937 686 ejus,

62 693 155 750 omnis
171 690 288 766 potestas
307 687 390 761 esset,
410 692 461 749 viri
482 693 583 767 optimi
603 694 633 749 bc
648 690 770 749 hominis
795 690 941 748 liberalisli·

63 770 119 826 mi:
140 785 187 825 me
201 780 297 827 tamen
312 770 338 826 ei
352 769 501 827 fauturum.
529 769 557 826 Ο
571 772 715 843 tempora!
738 769 816 835 fore,
836 766 938 824 44cu1n
1019 810 1022 815 .

64 845 172 903 dubitet
188 845 297 902 Curtius
313 844 483 903 consulatum
499 859 593 920 petere
610 843 622 902 ?
643 844 696 902 Sed
717 845 779 901 haec
800 843 941 902 hactenus.

64 920 113 980 De
128 920 238 978 Tirone
257 922 325 979 mihi
341 938 415 979 curae
439 921 484 979 cll.
523 922 569 979 sed
584 923 640 994 jam
660 921 743 978 sciam
761 963 769 989 ,
790 919 857 995 quid
871 932 943 994 agat,

65 995 128 1056 heri
142 996 217 1054 enim
240 996 324 1064 misr,
344 999 392 1073 qui
414 997 543 1055 videret:
565 1000 610 1055 cui
633 997 717 1055 etiam
740 992 774 1054 ad
793 1009 821 1054 te
843 996 943 1054 litteras
1005 1059 1010 1073 ⁸

67 1071 159 1129 dedi:
180 1072 328 1209 &mam
344 1072 547 1132 adhCaesarem
560 1075 609 1132 tibi
623 1072 693 1132 miii.
730 1073 804 1132 horti
818 1060 964 1152 quaminh
981 1065 1079 1139 0⁶⁸3?

68 1148 179 1225 diemp
222 1151 300 1227 cripti
314 1149 367 1210 srnt
386 1151 472 1210 velim
487 1151 523 1210 ad
536 1169 583 1209 me
596 1150 702 1209 scribas.
947 1129 1065 1178 ”mm

342 1334 606 1381 EPISTOLA
636 1334 665 1381 L.

206 1485 448 1547 crunno
487 1450 743 1547 n'Trrco
784 1485 810 1545 s.

72 1655 159 1762 UT
179 1673 227 1714 me
246 1658 348 1748 levarat
367 1671 430 1747 tuus
451 1659 608 1748 adventus,
627 1659 665 1719 fic
691 1655 814 1744 discessus
840 1658 945 1748 assistite

142 1749 227 1810 quare
248 1751 313 1792 cum
333 1749 458 1810 potens,
481 1739 512 1798 td
532 1738 593 1808 est,
620 1738 684 1796 clun
712 1736 802 1794 ¹Sextl
822 1736 1027 1861 anthomisaeal‘g'lg·⁴
1085 1739 1095 1784 '-

881 1831 949 1888 ope·

70 1975 111 2030 per
117 1966 191 2025 jocum
201 1965 294 2028 testandi
300 1958 373 2031 gratias
379 1967 498 2030 figurent,
512 1984 552 2015 non
564 1968 638 2028 casm
648 1968 674 2018 sa
685 1966 777 2023 sabata,
787 1967 825 2028 fed
840 1967 902 2026 Jusio
918 1967 945 2018 dr
1038 1976 1042 1987 ¹

76 2029 154 2088 Casan
166 2029 215 2089 Coffi
227 2033 298 2077 atium
304 2032 426 2090 scriberent.
444 2031 479 2081 ld.
492 2029 582 2094 vespas.
595 2047 619 2080 x.
640 2031 703 2076 vade
717 2031 806 2091 quidam
821 2032 950 2078 urbanorum

76 2107 118 2137 nen
128 2087 234 2150 infaceti:
244 2094 353 2159 fiquidm
365 2098 478 2158 patentius
487 2099 514 2148 &¹
525 2100 549 2143 ἐκ
558 2096 583 2155 se
597 2095 684 2156 alr'qur'd
698 2093 792 2150 diceret,
808 2095 898 2148 aditam,
914 2095 951 2138 in·

76 2158 141 2218 quit,
157 2173 204 2202 cum
213 2171 309 2205 ventrem
320 2174 431 2207 exonerare
440 2154 531 2219 defictis.
548 2158 656 2207 Gronov.
674 2169 746 2219 quem
758 2156 811 2206 vide
820 2154 862 2206 lib.
870 2170 904 2206 tv.
921 2151 952 2207 de

80 2221 134 2266 l’ec.
150 2223 201 2268 vet.
208 2236 231 2274 9.
264 2225 338 2271 Grau.

111 2296 150 2340 ⁴²·
168 2287 196 2328 Α
207 2291 229 2333 c.
244 2288 317 2332 Mario
334 2291 354 2334 ί.
366 2289 406 2342 F.]
435 2284 481 2334 Hic
496 2282 513 2332 fi
528 2280 605 2333 fuisset
622 2286 651 2332 C.
668 2282 741 2332 Marii
760 2283 857 2339 iunioris
872 2281 934 2333 filius

79 2355 154 2392 avum
163 2357 296 2396 maternum
311 2345 424 2397 habuisset
439 2353 467 2398 L.
483 2346 591 2397 &allum
607 2360 727 2396 oratorem
742 2342 915 2395 clarissimum:
931 2316 952 2397 d

79 2419 159 2478 nepos
170 2412 198 2456 C.
211 2411 281 2458 Marii
291 2409 373 2474 septies
383 2411 508 2467 Consulis,
521 2412 667 2474 cognatione
676 2406 788 2474 attigisset
799 2413 952 2467 ciceronem,

81 2482 148 2528 eurus
159 2483 215 2516 avus
225 2473 250 2519 iu
260 2475 414 2522 matrimonio
426 2474 536 2522 habuerat
549 2475 647 2522 amitam
659 2474 730 2521 Marii
746 2505 753 2527 ,
776 2484 800 2519 ut
811 2472 843 2521 est
854 2471 951 2524 librar.

81 2535 123 2581 De
138 2531 257 2596 Legibus,
282 2537 467 2599 &propinquus
483 2535 559 2585 suisset
575 2534 671 2584 Caesaris
686 2550 716 2582 err
733 2548 783 2590 eo,
804 2533 869 2598 quod
886 2533 952 2585 idem

80 2596 176 2644 Marius
192 2610 290 2647 uxorem
311 2599 421 2648 habuerat
441 2599 530 2664 Juliam
543 2597 639 2647 caesaris
655 2599 762 2646 amitam.
788 2597 903 2646 Plutarch.
924 2600 952 2647 bt

82 2660 216 2707 Suetonius.
251 2660 294 2709 Sed
304 2663 349 2711 suit
361 2661 565 2717 Pseudo-Marius,
582 2665 607 2710 δι
619 2676 674 2710 vero
692 2661 791 2708 nomine
808 2660 952 2723 Herophilus

80 2723 182 2785 quidam
190 2721 294 2772 medicus
304 2729 423 2789 equarius:
432 2734 504 2790 quem
515 2726 622 2836 οῗηίιιιηι
628 2721 705 2787 Casas
716 2735 782 2771 extra
793 2725 886 2772 ltaliam
893 2725 954 2771 rele-

82 2799 195 2849 gaverat:
212 2783 358 2846 deindepost
370 2804 473 2838 mortem
484 2791 524 2836 (2ae
536 2790 580 2837 aris
590 2788 674 2835 carceri
684 2785 801 2850 impastus
816 2789 841 2836 bc
858 2798 953 2834 necatus

82 2846 132 2906 est,
148 2846 212 2909 qubd
225 2849 254 2896 de
266 2851 404 2899 trucidando
417 2857 501 2900 Senatu
510 2850 648 2914 cogitassem
664 2864 699 2912 ep.
709 2857 731 2900 8.
747 2848 847 2898 libatis.
866 2850 951 2901 ubila.
965 2900 967 2907 ,

82 2912 192 2961 valerius
202 2913 325 2960 Maximus
334 2913 395 2961 libro
406 2928 473 2962 nono
487 2929 537 2977 cap.
549 2914 636 2976 quinto
645 2911 746 2960 decimo.
763 2917 850 2973 Poptna.

116 2991 155 3033 4³·
172 2981 199 3024 L.
212 2975 294 3036 [baffi]
309 2981 335 3024 1..
349 2978 432 3024 Lucilii
443 2975 531 3031 Crasli,
544 2976 629 3023 summi
645 2976 761 3030 oratoris,
777 2977 842 3032 cujus
853 2971 955 3024 filiam)

81 3040 169 3089 Mucia
180 3039 252 3096 cajus
262 3041 352 3087 Matius
370 3038 451 3102 septies
466 3037 565 3087 consulis
582 3038 643 3085 tilius
658 3040 756 3085 imorem
768 3036 867 3092 habuit,
883 3041 955 3085 Bruto

84 3110 123 3158 5⁸.
158 3106 189 3151 Et
198 3102 254 3150 inde
265 3103 337 3159 cajus
349 3104 438 3149 Marius
448 3099 524 3149 senior
536 3103 602 3149 Lucii
615 3097 689 3148 Crassi
701 3098 796 3155 affinis,
818 3098 842 3146 id
853 3098 886 3148 est
896 3113 955 3148 con·

82 3162 166 3221 socer,
182 3178 280 3213 vocatur
290 3180 333 3228 pro
343 3165 462 3213 Balbozr.
479 3168 503 3212 δε
518 3180 536 3212 1.
554 3164 584 3211 de
594 3167 687 3210 Orator.
703 3177 737 3218 ις.
756 3165 781 3210 &
792 3162 849 3210 inde
860 3163 898 3211 hic
908 3161 955 3213 fat·

83 3225 122 3277 sus
134 3230 242 3284 Matius,
260 3233 286 3277 L.
299 3227 373 3276 Craffi
386 3242 472 3291 nepos,
493 3226 532 3274 lib.
541 3241 592 3275 xrv.
610 3240 645 3289 ep.
656 3233 677 3274 8.
695 3226 718 3284 J.
727 3229 751 3275 F,
765 3227 859 3275 Gronau.

116 3309 155 3350 44·
173 3298 224 3339 sum
235 3294 313 3338 dubitet
331 3297 437 3346 Curtius]
490 3288 537 3339 uasa
554 3293 669 3338 incertum
679 3285 752 3341 elles,
773 3286 848 3352 posset
864 3302 907 3337 nee
923 3303 954 3338 ne

85 3352 244 3404 Consulatum
256 3366 341 3419 petere.
374 3360 408 3404 At
418 3358 470 3416 Rep
502 3352 547 3403 lici
559 3353 619 3402 berae
628 3350 754 3401 constituri
763 3367 813 3400 oon
824 3348 957 3410 dubitasset,

85 3414 128 3466 sed
140 3430 183 3480 uro
193 3431 258 3466 certo
268 3423 294 3466 bt
305 3417 431 3481 explorato
440 3415 566 3473 habuisset,
582 3413 624 3464 sibi
635 3417 665 3464 ad
679 3417 822 3479 petitionem
836 3411 955 3464 cousula-

83 3479 127 3536 ts'ta
135 3480 229 3539 mnam
237 3479 328 3536 aditum
338 3495 428 3549 patere,
457 3479 668 3544 utsuaualgitu
678 3491 745 3534 eraut
757 3490 887 3545 temporat
903 3473 965 3589 a&
