2296 3900
218 132 301 197 1862
383 132 524 199 Ltuart
567 134 998 217 Qoaurusoreerrtus

216 242 354 307 nuelsano
367 258 427 309 tuas
441 248 553 310 litteras.
594 252 678 310 ³¹De
698 250 793 311 Mario
813 246 925 328 probb:
947 246 999 308 etsr
1021 244 1111 310 doleo'

220 326 257 383 L.
278 324 365 383 Cralii
385 339 532 403 nepotem.
572 327 681 403 optime
708 340 768 389 tam
797 330 882 387 etiam
902 327 991 386 Bruto
1011 324 1110 387 nostro

68 401 332 485 deluriamprobari
347 403 517 464 Antonium.
557 423 624 465 nam
638 404 718 482 quod
739 403 873 479 *Juniam
893 402 984 463 scribis
1005 403 1110 464 mode·

68 486 109 522 Ψ
118 470 183 547 ³¹⁹3?
223 492 282 539 rate
296 481 327 537 δε
340 480 432 539 amice
446 481 554 559 scriptas
569 482 670 541 litteras
682 480 798 543 attulisse
813 526 823 553 ,
843 482 914 542 mibi
927 480 1040 540 Paullus
1061 480 1109 540 de·

69 536 184 588 ⁸²⁰¹⁶¹”·
222 557 263 645 dit
275 555 311 616 ad
324 556 352 615 se
365 558 382 617 a
398 560 481 618 fratre
495 556 607 618 missas:
636 561 735 639 quibus
762 561 793 620 in
803 558 945 619 extremis
974 572 1035 618 etat
1061 557 1108 616 libi

220 633 329 694 rnfidias
342 634 419 705 sieri;
440 636 468 696 se
479 637 511 695 id
524 639 604 696 certis
618 637 776 697 austoribus
789 634 964 714 competisse.
982 638 1043 695 hoc
1057 652 1111 695 nec

222 713 293 771 mibi
322 714 447 789 placebat
480 716 511 773 bt
532 716 623 774 multo
651 715 691 775 illi
711 714 812 775 miubs.
852 720 880 770 3²
895 716 1019 790 Regiuae
1046 712 1109 788 fuga

68 806 86 842 e
101 804 153 865 nott
226 791 297 849 mihi
310 802 390 851 enort
406 792 529 850 molesia.
566 791 613 851 sed
628 791 728 851 Clodia
747 792 815 871 quid
836 793 925 869 egerit
948 790 1049 850 scribas
1074 788 1109 848 ad

71 854 127 914 anst
132 870 155 901 ¹²¹
163 852 215 900 MS.
225 885 273 926 me
288 868 383 927 velim.
422 869 505 927 DeB
525 870 623 929 zantiis
646 869 752 929 curabis
777 882 809 928 ut
835 880 953 937 cetera3
984 870 1017 927 ὃ(
1030 867 1110 927 Pelo·

72 934 192 1013 f31⁶0ffi³
225 962 291 1023 pem
306 946 342 1003 ad
361 960 390 1005 te
403 944 484 1004 farte
506 965 543 1006 es.
581 948 670 1025 Ego,
689 959 721 1005 ut
741 946 882 1022 postulas,
903 957 931 1000 31
941 946 1048 1023 bajaria
1061 962 1109 1003 rre-

74 1004 125 1051 ψ’·
245 1024 302 1080 otia
321 1024 498 1101 chorumque
519 1024 623 1094 illum,
661 1025 696 1083 de
717 1042 775 1101 quo
788 1023 855 1082 scire
875 1024 917 1081 vis
934 1067 943 1093 ,
963 1021 1032 1081 cirm
1049 1040 1109 1097 per·

224 1040 341 1175 spexero
357 1144 366 1169 ,
384 1116 446 1159 tum
466 1100 599 1168 scribam
621 1121 657 1160 ne
682 1102 750 1176 quid
770 1103 889 1177 ignores.
928 1099 1011 1177 Quid
1029 1100 1108 1169 Galli,

226 1179 295 1253 quid
308 1180 441 1253 Hispani,
461 1178 529 1256 quid
548 1180 645 1237 Sextus
666 1192 752 1253 agat,
772 1179 956 1236 vehementer
971 1176 1108 1251 exspslo.

229 1273 262 1312 ea
282 1253 382 1314 scilicet
406 1267 437 1313 tu
457 1256 628 1325 declarabis,
655 1258 704 1331 qui
725 1269 824 1312 cetera.
864 1255 1038 1313 Nauseolam
1064 1254 1107 1311 tibi

228 1343 290 1389 tum
304 1332 413 1390 causatu
429 1335 479 1390 otii
494 1332 596 1394 dedisse
611 1332 692 1397 facile
704 1334 833 1407 patiebar.
864 1332 1106 1391 ·3tvidebareuim

78 1432 95 1483 g
118 1411 223 1483 nequitie
231 1408 300 1466 mihi
313 1410 417 1485 legenti
430 1423 490 1466 tuas
503 1408 604 1467 litteras
618 1407 773 1484 trequieilc
788 1408 939 1485 paullisper.
959 1409 1010 1466 De
1026 1408 1106 1494 Bruto

78 1483 132 1531 MS·
229 1485 337 1561 semper
351 1487 387 1545 ad
401 1502 448 1543 me
463 1488 560 1545 omnia
573 1487 731 1562 perscribito
746 1529 756 1557 ,
774 1485 885 1557 ubisit,
904 1485 977 1564 quid
990 1495 1105 1561 cogitet:

1028 1578 1107 1639 quem

262 1744 298 1784 ιι.
315 1731 456 1788 belsario]
486 1728 611 1779 limarsum
627 1744 698 1779 vocat
716 1730 816 1794 Appiam
833 1728 876 1779 lib.
889 1744 935 1779 ιιι.
959 1728 1104 1779 Chamacera

167 1812 171 1817 ·
227 1792 402 1843 Lialtbxxvr.
418 1795 461 1855 qui
477 1793 500 1842 se
514 1795 584 1842 Marii
594 1793 672 1842 filium
682 1793 729 1842 esse
738 1793 845 1841 dicebat:
861 1792 925 1841 unde
941 1807 1009 1841 nune
1023 1794 1105 1841 Cicero

228 1858 334 1905 Marium
346 1862 452 1915 ιιοιιιιιῖε
463 1872 546 1914 vocat,
563 1871 588 1905 ut
600 1873 682 1920 ep.4r.
699 1858 739 1907 lib.
752 1872 802 1906 rtrr.
820 1856 983 1921 Herophilum
995 1868 1104 1921 equarum

228 1918 351 1969 Medicum
364 1918 431 1967 srtiss'e
442 1919 518 1969 scribit
533 1922 585 1970 val.
598 1926 665 1969 Max.
681 1921 721 1970 lib.
729 1936 764 1969 ιιι.
782 1935 834 1983 cap.
845 1929 881 1969 16.
900 1920 941 1984 qui
953 1919 978 1969 se
990 1920 1105 1969 Mariiue·

228 1996 312 2045 potem
325 1980 374 2033 elle
385 1984 546 2047 profitebatur.
565 1986 650 2034 carrad.
670 1983 860 2049 Pseudomarium
876 1984 1008 2048 iutelligit,
1026 1984 1068 2049 qui
1081 1980 1106 2031 ab

230 2048 341 2096 Antonio
351 2047 489 2095 intersestus
499 2047 540 2096 esl.
574 2046 654 2105 Rom.

264 2126 300 2164 32.
317 2117 423 2177 regiae]
438 2112 586 2174 Cleopatrae,
603 2112 697 2175 AEgypti
708 2112 794 2176 reginae
806 2127 813 2157 ε
829 2124 904 2173 quam
914 2108 996 2160 Caesar
1006 2106 1109 2163 amavit,

230 2172 356 2237 filiumque
366 2187 449 2221 natum
459 2174 579 2237 appellate
590 2174 633 2224 suo
644 2176 742 2223 nomine
753 2172 829 2238 pallus
842 2173 890 2222 est:
908 2172 940 2221 de
950 2170 1108 2238 qudiutelligi

230 2250 311 2299 putot
329 2243 434 2287 .20.‘De
443 2240 516 2297 regina
526 2240 596 2283 velim
608 2272 615 2293 ,
629 2252 693 2300 atque
702 2244 770 2284 etiam
780 2240 807 2284 du
818 2239 895 2297 [ψη
905 2239 954 2286 silo.
988 2240 1106 2290 interea.

229 2253 353 2361 quambic
368 2304 405 2348 Re
424 2302 489 2347 inam
506 2300 626 2364 appellat,
641 2314 696 2348 eam
712 2298 759 2350 elle
770 2302 948 2365 Cleopatram,
965 2310 1108 2363 argumento

230 2360 264 2410 est
274 2364 348 2411 etiam
357 2315 464 2425 illusep.
480 2374 514 2411 1⁶.
533 2363 574 2412 lib.
586 2379 626 2412 xv.
647 2367 755 2427 ‘litgium
775 2368 831 2412 odi:
854 2382 888 2411 me
898 2368 951 2423 jure
965 2363 1042 2423 facere
1051 2364 1109 2424 stit.-

223 2425 311 2488 spenser
322 2428 473 2490 promissarum
486 2429 533 2486 esus
551 2433 700 2475 rimantur.
735 2434 802 2477 Nam
817 2429 971 2476 Hammonis
990 2428 1017 2475 δί
1035 2426 1111 2475 Ptole·

231 2502 305 2537 meus
316 2522 324 2544 ‚
346 2504 414 2564 patet
430 2490 564 2553 cleopatra
575 2525 583 2547 ‚
600 2491 651 2539 usus
661 2490 738 2541 fuerat
748 2494 845 2558 legato,
868 2506 923 2539 cum
934 2490 961 2539 id
972 2502 1073 2555 ageret,
1086 2500 1110 2537 ut

229 2565 245 2600 a
256 2550 336 2601 senatu
345 2571 371 2602 ιιι
380 2569 481 2619 regnum
491 2554 647 2605 restitueretur
659 2571 666 2602 a
682 2568 707 2602 ut
719 2555 752 2604 esl
768 2560 793 2605 iu
804 2553 903 2619 epistola
915 2554 948 2603 ad
960 2554 1109 2603 Lenttrlum:

230 2620 376 2665 Hammonius
385 2622 438 2680 regis
448 2619 530 2681 lagatus
540 2632 609 2682 aparte
615 2618 707 2683 pecunias
717 2637 753 2665 aot
767 2632 875 2683 oppugnat.
908 2621 930 2665 P.
939 2623 1039 2667 Manut.

264 2696 302 2736 33·
319 2686 404 2740 Baiana
412 2687 515 2743 negotio]
528 2685 593 2740 Quid
604 2696 680 2748 agant
691 2684 717 2730 δι
728 2683 851 2731 consulant
865 2682 928 2741 Baiis
939 2683 1110 2737 titulumn-

231 2741 270 2798 sa,
287 2744 415 2793 Dolabella
438 2748 464 2792 bt
482 2745 531 2794 alii.
548 2761 585 2809 ep.
600 2763 623 2802 2,
636 2763 671 2795 rr.
695 2751 781 2809 Popma.
815 2751 872 2794 Hac
886 2744 947 2794 dixit
966 2744 1063 2793 Tullius
1074 2756 1113 2808 per

231 2808 345 2854 ironiam.
380 2808 455 2855 Nulla
471 2804 502 2856 ibi
524 2810 648 2873 negotia:
680 2806 720 2857 scd
744 2810 777 2858 est
808 2809 995 2870 delapsarum,
1031 2808 1111 2859 civim

232 2868 442 2926 otiosorumsuet.
452 2875 515 2933 Aug.
521 2880 559 2926 98.
578 2874 757 2922 Hincstat.1v.
775 2872 868 2936 syloa.
885 2872 1043 2934 defidesllajae.
1060 2870 1113 2935 quia

233 2930 266 2980 ibi
278 2932 389 2981 homines
398 2935 511 2984 otiantur.
546 2937 568 2992 J.
577 2940 603 2984 F.
611 2941 708 2983 Gronov.

262 3011 300 3057 ³4·
320 2999 428 3055 vittatae]
459 2998 499 3045 al.
515 3002 624 3048 ut'dasare.
650 2999 720 3046 reste.
750 3010 808 3045 nam
821 3012 852 3045 ex
865 2997 953 3046 litteris
964 2994 1110 3057 coniestauti

232 3056 313 3108 abiisse
324 3060 408 3108 nausea
418 3059 541 3109 videbatur
550 3077 586 3126 ep.
597 3080 633 3111 ro.
650 3063 673 3110 b.
682 3063 698 3110 l.
717 3063 804 3109 sorrad.
836 3062 913 3109 Resle
918 3059 1045 3109 Corradus
1053 3062 1113 3109 vt'da·

230 3124 290 3173 tara.
305 3125 427 3175 Sententia
438 3126 512 3172 totius
523 3126 571 3173 loci
581 3127 630 3175 hee
645 3128 686 3174 eli.
721 3130 756 3173 Te
771 3123 868 3173 fastidio
889 3123 1000 3172 ciborum
1018 3128 1046 3175 δι
1061 3138 1113 3189 pro·

232 3184 345 3248 pensione
352 3185 381 3234 ad
387 3188 506 3234 vomitum
520 3190 602 3237 leviter
612 3203 731 3237 tentatum
737 3186 868 3236 abstinuisse
873 3200 1001 3252 propterea
1015 3203 1031 3236 a
1042 3202 1114 3253 nego·

237 3249 290 3302 riis,
307 3251 331 3297 δι
343 3251 438 3311 corpori
449 3251 553 3299 curando
563 3251 654 3301 vacull'e
665 3267 715 3300 nota
726 3267 786 3314 :egre
796 3250 910 3300 ferebam.
935 3251 1042 3301 Videbar
1051 3254 1112 3300 euim

238 3311 299 3358 mihi
310 3312 437 3373 agnoscere
446 3314 471 3360 in
483 3316 528 3360 tuis
545 3316 648 3370 litteris,
664 3330 689 3364 te
703 3332 769 3364 noro
786 3315 894 3377 quodam
912 3316 1007 3379 impetu
1017 3316 1071 3381 post
1082 3328 1114 3364 re·

238 3387 318 3439 :eptas
328 3378 388 3425 vites
398 3374 429 3423 ad
440 3372 586 3426 scribendum
598 3377 694 3428 venisse.
709 3384 765 3428 Stat.
774 3393 808 3427 tv.
827 3381 919 3443 Sylv.4.

442 3464 535 3477 --
551 3447 610 3489 vim
625 3443 712 3505 instigat
725 3446 810 3507 alitque

378 3502 511 3565 Tempestivus
520 3508 581 3569 quiet
591 3540 600 3564 ‚
615 3512 686 3568 major
697 3507 743 3573 past
752 3511 799 3556 otia
808 3508 890 3556 virtus.
910 3502 934 3570 J.
941 3508 968 3558 1².
976 3510 1089 3557 Gronov.

998 3586 1037 3630 st·
1054 3574 1114 3638 Q·
