2296 3900
153 120 350 197 Error.
392 142 465 189 nn
505 122 805 197 attieno.
869 150 952 219 ¹92?

64 230 174 295 Perfice
227 234 320 293 tricus.
355 233 464 294 ⁶²nolo
478 232 557 293 enim
571 232 814 293 Lacedaemonem
836 235 950 313 longin-

65 326 170 396 quamr
188 250 354 372 fflnuvium
369 312 533 372 existimavi.
570 308 668 383 tides,
688 312 821 387 inquies,
839 314 870 375 in
888 312 950 449 epli-

919 408 950 450 us

919 600 936 621 rl
981 603 1019 619 :nr
1047 609 1050 619 ι

66 635 171 699 gnitate,
187 636 255 701 quod
264 636 403 693 continent,
418 645 444 683 ut
455 648 556 683 menon
574 633 709 699 intelligere
722 634 798 685 fatear
812 635 862 685 tim
874 637 900 685 δι
915 634 947 685 fi-

63 698 208 811 pnificatum
217 714 315 749 eonem:
332 704 391 751 nolo
402 700 483 754 enirn,
497 698 563 763 quod
574 696 672 773 pesclo,
694 696 750 748 scite
766 696 857 789 vider'i,
873 710 946 763 atque

65 760 947 891 tlssarlllll⁰lallllfl¹lrtssllllln,llllsslll‘all
983 791 986 797 ’

65 900 205 952 corruptam
215 888 332 947 arbitror,
350 904 400 953 quo
411 890 489 937 miuus
502 890 668 937 contaminata
685 888 726 937 est.
761 888 897 937 Videndum
912 889 947 939 est

66 952 142 999 etiarn
157 986 166 1009 ,
185 968 216 1001 an
231 954 257 1003 in
273 954 317 1002 hec
332 967 394 1003 vote
406 954 533 1015 legatarum
548 950 664 1001 mendum
679 966 777 1015 quoque
794 950 868 999 inlita
884 953 945 1003 milti

67 1027 132 1063 certe
143 1015 186 1066 illa
196 1015 266 1065 valde
275 1015 376 1081 sol‘peila
385 1014 427 1064 est.
459 1020 555 1064 Veteres
566 1028 675 1078 preterea
686 1018 758 1079 paulo
768 1014 880 1065 diversior
889 1029 945 1073 earn

67 1075 172 1127 nabent:
186 1081 310 1141 legatariae»
320 1080 385 1129 enirn
397 1076 431 1127 est
440 1076 465 1125 in
475 1078 530 1129 illie.
554 1080 633 1128 Vilior.
665 1081 745 1138 Perfice
760 1083 877 1140 patrima]
893 1084 947 1129 ler-

67 1137 115 1188 sica
124 1142 228 1205 porticus
237 1143 365 1209 magnifica
375 1142 420 1192 fuit
432 1142 622 1197 lacedemone,
639 1142 739 1204 trophei
756 1145 812 1189 loco
829 1140 945 1193 edificari

66 1218 99 1251 ex
110 1206 228 1254 manabile
237 1210 373 1263 Perlirmm,
390 1218 451 1267 quos
467 1202 643 1253 Lacedaemonii
656 1204 723 1254 bello
740 1206 844 1253 vicerant
856 1222 864 1253 e
880 1210 946 1265 cuiue

66 1268 158 1317 testum
169 1268 252 1318 terrici
262 1272 377 1319 exereitus
386 1271 475 1316 dueum
489 1266 615 1317 simulacra
630 1268 750 1317 barbarico
766 1269 850 1317 vellito
859 1276 946 1319 ornata

69 1329 226 1389 sustinebant,
243 1348 293 1397 quo
304 1338 329 1382 de
346 1331 425 1381 noller
439 1329 598 1381 horres-erent
610 1365 617 1387 ,
634 1343 659 1379 ut
669 1332 763 1381 tradunt
775 1334 892 1381 Vitruvius
902 1332 946 1383 lib.

69 1406 90 1443 a.
105 1409 156 1459 cap.
164 1412 186 1445 2.
203 1396 234 1445 de
248 1396 376 1445 Architest.
388 1398 414 1443 dr
426 1392 546 1444 Pausanias
558 1396 584 1442 in
595 1396 725 1444 Laconicis.
754 1399 790 1441 Ex
802 1398 848 1442 ltoc
860 1396 947 1445 Cicero

22 1490 28 1505 .
67 1458 202 1507 Lanuvium
213 1472 282 1509 vocat
295 1458 407 1507 Perlieem
434 1458 549 1514 otricum,
566 1455 631 1521 quod
643 1471 667 1505 ut
678 1460 703 1505 in
716 1458 758 1507 illa
768 1457 945 1509 Lacedaemonii

69 1520 194 1569 vistoriarn
207 1522 271 1571 suam
283 1520 407 1578 l’erlitam,
415 1472 447 1569 sc
457 1522 483 1568 in
493 1521 538 1569 ltac
548 1524 630 1569 Brutus
642 1520 777 1569 libertatern
789 1522 946 1585 reipublicae

67 1581 93 1630 se
107 1582 217 1633 alsenam
232 1586 371 1634 ostentabat.
406 1589 436 1633 Et
452 1586 589 1641 ἰμφατιιῶς
605 1584 670 1633 addit
691 1587 750 1641 illa,
774 1586 886 1635 nimittmt
905 1584 946 1633 ubi

68 1649 154 1695 Brutus
164 1645 236 1697 sedet.
252 1654 339 1709 Poptna.
371 1651 431 1697 Non
442 1644 516 1711 ipsam
528 1649 661 1697 Lanuvium
671 1660 741 1695 vocnt
755 1652 854 1707 Perficem
869 1648 945 1711 porti·

69 1723 138 1766 cum,
155 1706 195 1758 sed
209 1713 420 1774 porticum,quatn
429 1711 455 1757 in
466 1713 605 1758 Lanutiana
619 1712 677 1758 villa
691 1710 834 1759 exstruxerat
844 1716 946 1769 Brutus,

69 1770 111 1818 ubi
122 1775 147 1820 δι
158 1785 197 1821 aut
210 1780 323 1822 Eurotam
334 1774 422 1834 pletum
433 1770 534 1820 habebat
546 1807 554 1829 ,
571 1788 610 1821 aut
630 1772 731 1821 rivulum
745 1773 865 1835 quendam
875 1776 945 1825 illam

69 1834 156 1883 villam
166 1838 319 1901 irrigantem,
332 1850 404 1897 quem
415 1841 530 1885 Eurotam
542 1834 610 1886 dixit.
637 1834 726 1885 trelius
738 1836 784 1892 est,
799 1838 875 1900 inquit
885 1840 946 1887 Tul·

66 1897 130 1955 lius,
146 1902 250 1965 accipere
260 1900 394 1964 provincias
407 1900 432 1947 dt
443 1898 468 1945 in
479 1912 519 1945 eas
528 1897 657 1964 proficisci,
672 1896 690 1946 li
702 1914 763 1947 nunc
774 1900 942 1958 decernantur,

88 1960 144 2011 uam
155 1964 259 2014 otiosum
269 1961 374 2013 defidere
385 1963 409 2011 in
420 1960 544 2009 Lanuvina
556 1962 613 2009 villa
625 1964 654 2009 ad
672 1966 785 2010 Eurotam
806 1965 831 2011 δι
853 1964 877 2010 in
893 1970 947 2014 l’et·

67 1976 116 2075 sica
127 2027 169 2076 illa
183 2028 283 2091 porticu.
316 2026 356 2075 Sin
372 2038 429 2074 veto
445 2024 638 2136 improvinciae,
659 2038 718 2087 quas
733 2022 810 2073 Cesar
824 2026 845 2072 ei
861 2025 947 2086 dedit,

68 2088 186 2139 diseell'uti
196 2090 243 2139 lint
265 2106 316 2139 non
327 2089 420 2155 probo,
451 2102 477 2137 re
501 2088 537 2136 irre
552 2086 730 2137 fortesecerint
746 2084 765 2134 li
786 2085 816 2134 ad
832 2092 948 2143 Eurotam

68 2151 200 2205 desiderent.
234 2158 342 2204 Gravius.

102 2226 140 2265 62.
152 2222 268 2265 Nolvcm'm
274 2220 442 2265 Lacedamonem
449 2211 541 2275 λαχεῖπ
556 2213 653 2276 κοχόνκν
663 2216 791 2261 maeviam
800 2213 949 2276 existimavi]

68 2286 108 2331 lta
117 2294 148 2329 ex
159 2282 293 2337 comestura
306 2279 361 2331 -serd
381 2282 408 2329 δι
419 2276 569 2338 emendavit,
585 2281 612 2327 δι
622 2278 767 2341 interpunxit
777 2276 866 2328 Belius.
882 2284 946 2329 Tor-

67 2343 123 2393 traes.
135 2345 184 2392 haec
194 2346 225 2392 ita
235 2344 324 2402 resert,
345 2346 391 2391 nolo
402 2344 459 2389 enim
475 2342 643 2389 Laerdaemomm
659 2342 770 2405 longinque
786 2358 851 2405 quem
867 2345 947 2391 unu-

67 2409 136 2453 vium
145 2407 279 2465 existimavit
291 2424 299 2455 .·
316 2405 461 2463 Crusellinue
475 2403 523 2455 hoc
532 2404 609 2454 modo
621 2419 628 2452 t
648 2406 696 2453 nalo
710 2409 768 2452 enim
778 2406 947 2455 Laudantem

66 2471 113 2517 loet'
123 2472 148 2515 in
157 2486 198 2533 que
207 2475 309 2533 quoniam
319 2471 446 2518 Lanuvium
454 2468 588 2529 teillimevr'.
603 2468 697 2535 vulgati
706 2468 809 2519 codices.
831 2471 877 2517 nala
888 2474 948 2519 mir»

67 2534 236 2581 Lacedamoaem
246 2536 381 2597 loppinprum
392 2536 515 2580 Lavinium
524 2532 666 2591 existimeris.
689 2531 776 2580 Cleric.
809 2528 947 2595 Λιχιῖηοι

92 2598 164 2655 diat]
178 2600 235 2645 liet
245 2600 328 2647 Getta
337 2595 408 2645 rema
417 2592 497 2645 notius
507 2595 629 2652 edolatit,
641 2609 696 2645 eum
706 2594 801 2643 nullum
810 2608 895 2643 eorum
904 2610 948 2645 re·

92 2660 97 2707 i
117 2660 166 2707 'um
177 2662 202 2708 in
214 2658 327 2709 veteribus
337 2658 401 2709 libris
410 2672 540 2722 appareat,
561 2658 687 2723 inquibus
704 2656 738 2707 est
752 2658 865 2723 longinquo
881 2674 945 2717 tum,

67 2738 84 2771 a
119 2724 245 2785 longinquo,
258 2726 374 2785 qnoniam:
390 2720 458 2785 quod
466 2720 612 2785 postremum
623 2722 714 2773 testum
725 2720 833 2770 arbitror.
865 2720 947 2779 Nolo,

69 2786 162 2855 inquit,
180 2784 377 2835 Lacedaemonem
388 2785 431 2834 lon
449 2788 523 2849 inquo
534 2786 590 2834 loco
601 2784 720 2835 existimet
730 2782 884 2834 constitutam
889 2782 946 2843 else,

68 2848 119 2912 ipse
129 2852 263 2898 Lanuvium
272 2848 396 2923 intellexi,
445 2850 581 2907 iEutotat,
596 2850 637 2897 ubi
653 2848 740 2897 Persice
751 2846 871 2922 porticus,
886 2846 946 2899 dum

67 2907 948 3039 ialalllzlalalafld‘llt‘·,lamalallalalllilfz

68 3041 322 3099 Lemioexnlimarr's.
346 3036 427 3088 Sensus
440 3036 481 3089 est.
515 3042 582 3087 Nam
597 3050 623 3087 ut
637 3053 678 3087 me
692 3038 813 3099 intelligas
829 3035 948 3087 obscurius

67 3106 225 3166 loquentem,
241 3119 292 3151 non
306 3103 391 3157 illam,
404 3116 456 3165 quae
465 3102 491 3150 in
507 3100 670 3165 Peloponneso
685 3099 737 3155 est,
752 3099 792 3149 sed
807 3099 949 3165 illamque

73 3183 124 3215 non
141 3169 237 3231 longius
253 3165 317 3215 abest
333 3165 363 3215 ab
379 3164 436 3214 urbe
452 3168 566 3214 Romana
586 3179 660 3229 quam
671 3164 825 3217 Lanuvium,
840 3164 952 3215 Laced:-

69 3246 169 3280 monem
191 3232 349 3293 interpreteris
366 3230 431 3277 volo.
454 3230 480 3288 J.
493 3232 520 3279 F.
533 3233 630 3277 Granov.
664 3226 813 3283 coniellorae
830 3227 951 3277 Gronovii

69 3293 152 3342 favent
165 3295 300 3343 retolliores
311 3292 379 3348 libri,
394 3291 516 3356 inquibus
529 3326 538 3349 ,
559 3306 586 3341 ut
602 3294 628 3341 δι
644 3288 871 3353 Bomoi-longinqui
888 3308 951 3346 cum,

69 3355 134 3404 unde
143 3356 214 3405 facile
232 3357 334 3419 relingas
350 3360 540 3420 longinquiorem,
561 3353 629 3417 quod
645 3355 748 3402 omnino
765 3352 855 3401 videtur
876 3350 953 3402 senlua

67 3419 195 3485 postulare.
226 3421 325 3469 lletitrui
352 3432 433 3469 autem
453 3421 584 3483 vulgatam.
619 3421 687 3471 Nam
707 3413 806 3468 audacia
822 3414 954 3465 doslillimi

68 3480 422 3548 llofiilricferrinonporerat,
454 3486 565 3533 Gravius.

487 3550 632 3612 Gratata
854 3539 955 3595 ⁶³·²>¹'i
