2296 3900
200 122 283 191 raon
337 117 483 209 larana
524 117 933 185 Tuncrusnneruus

162 235 167 243 '
201 231 283 290 omni
298 227 347 288 tibi
361 226 557 287 asseveratione
579 226 712 297 affirmo,
731 225 809 305 quod
831 226 900 287 nihi
915 227 1011 290 credas
1031 234 1086 292 ve:

186 308 277 374 lim,
296 306 364 364 mihi
394 305 493 379 majori
516 303 667 393 offensioni
695 300 749 392 else
782 302 869 438 (paim
900 303 1081 370 daemtioni

178 418 182 427 ·
224 378 421 443 olseffiunculas
438 397 522 438 meas.
560 382 651 456 Magrs
665 397 740 439 enrm
755 378 793 438 do
804 398 859 449 eo,
879 398 927 441 ure
950 400 1012 443 non
1031 385 1082 444 ha-

241 477 286 528 re,
306 459 350 516 cui
364 458 488 524 tradam,
507 454 615 533 ⁶quam
631 457 749 526 habere,
769 457 818 534 qui
840 469 907 516 utar.
948 472 1034 536 atque
1048 461 1081 520 il·

202 535 252 598 lud
266 535 411 595 Trebatius
427 533 453 592 le
467 531 516 591 tibi
530 530 624 593 dixisse
637 533 770 594 narrabat.
808 545 840 594 tu
863 545 961 595 autem
977 539 1079 597 veritus

1051 632 1078 675 es

204 808 247 873 qni
261 809 349 871 inuade
364 807 452 873 legunt.
468 811 525 863 'nos
536 806 606 858 facile
619 805 773 863 adducimur,
787 820 812 855 ut
824 803 947 856 credamus
956 820 1075 874 receptam

206 872 334 921 sessionem
345 876 444 944 probam
455 870 514 921 effe:
532 871 633 935 ideoque
647 886 700 920 eam
712 868 910 919 conservavimus.
940 884 1000 918 nam
1011 874 1074 935 quod

205 936 304 998 antiqua
315 935 423 998 l'cnptura
434 936 483 984 und
494 933 572 983 litters
584 935 705 983 deminuta
717 933 749 981 ell
760 966 768 987 ,
786 948 835 980 non
851 932 939 980 mitum
949 933 1024 984 videri
1034 937 1074 986 de·

205 996 252 1047 ber.
285 1003 396 1046 Praeterea
416 1012 465 1043 non
484 996 562 1046 multo
584 997 721 1054 antelmius
738 995 838 1043 adverbii
860 1008 952 1044 nornen
968 995 1073 1062 usurpat,

203 1074 310 1117 cum,ut
320 1060 380 1108 mihi
397 1059 500 1116 viderur,
516 1061 616 1109 candem
631 1061 692 1109 hanc
708 1074 758 1108 rem
768 1071 911 1122 exponeret,
928 1064 1023 1118 Locum,
1038 1064 1073 1110 in.

204 1123 307 1186 quiens,
331 1124 450 1170 hominibus
470 1141 510 1170 nort
522 1124 575 1184 sane*
604 1126 650 1170 mbo
666 1156 674 1179 ,
692 1121 750 1184 quid
769 1122 798 1179 est
813 1122 939 1181 desertior:
961 1124 1003 1183 sed
1017 1127 1073 1172 babet

203 1185 317 1243 suseptae.
344 1201 399 1234 nam
412 1185 478 1247 quod
492 1187 574 1234 crebro
589 1138 639 1237 boc
655 1187 754 1234 nomine
769 1196 850 1233 uratur
866 1216 873 1240 ,
891 1198 947 1232 cum
964 1188 1071 1237 Latinam

203 1260 308 1305 vocem,
329 1263 380 1312 quae
395 1247 420 1296 id
435 1252 575 1311 exprimeret
592 1265 641 1298 non
652 1247 759 1306 haberet,
778 1245 907 1304 omnibus,
922 1260 948 1295 ut
966 1247 1070 1308 arbitror,

201 1324 351 1373 compertum
363 1311 402 1360 est.
422 1315 499 1363 Videt.
516 1315 592 1373 Quare
606 1312 678 1370 confice
688 1311 829 1372 loupehaco]
844 1311 880 1357 Sic
891 1308 962 1359 habet
978 1316 1071 1369 Decutt.

203 1372 293 1422 vietor,
314 1370 492 1437 legit'iuar'pac.
511 1374 595 1423 Lamb.
613 1374 726 1430 inundatis,
738 1375 763 1420 δε
775 1374 808 1420 ita
823 1373 855 1423 ait
866 1369 913 1420 else
928 1375 955 1420 in
969 1374 1069 1430 'fornes

203 1435 269 1498 quod
280 1435 360 1484 Boline
370 1449 454 1499 negat,
470 1436 573 1500 dicitque
584 1435 648 1485 scribi
661 1441 776 1488 ΕΥΑΓΩΣ
787 1453 796 1492 5
817 1447 842 1481 ut
854 1436 878 1484 dc
890 1433 975 1498 Junius
986 1439 1011 1486 in
1024 1440 1069 1489 lal.

202 1499 267 1562 vllsg.
286 1513 328 1560 pro
339 1499 500 1564 quarecenfice,
516 1500 614 1562 legitur,
631 1515 695 1561 quam
704 1497 785 1556 confice.
802 1499 889 1555 Cleric.
921 1499 1021 1549 variant
1031 1515 1070 1549 an·

203 1562 264 1623 tiqui
274 1562 326 1610 libri
337 1565 362 1611 bt
373 1561 462 1626 vulgati
472 1563 497 1610 in
508 1566 590 1610 Graeca
600 1576 665 1613 voce.
682 1559 758 1624 probo
769 1561 874 1618 scalper,
893 1560 918 1614 u
931 1561 1070 1627 interpretor

202 1626 390 1680 convenienter,
409 1624 505 1673 honesta
521 1624 675 1679 condieionc,
696 1623 762 1670 bono
777 1622 871 1679 modo,
887 1635 912 1670 ut
929 1625 1035 1687 loquitur
1045 1629 1069 1676 in

131 1738 140 1751 ,
201 1685 370 1750 sineepistolae.
403 1688 541 1742 cumcuim
552 1689 576 1737 in
588 1685 722 1736 nominibus
733 1683 827 1734 haberet
842 1685 976 1736 debitorem
994 1687 1070 1738 Cusa-

60 3396 147 3639 t

201 1763 278 1798 reauae
287 1748 418 1805 factionis,
436 1764 519 1803 monet
537 1752 661 1806 Atticum,
682 1763 707 1798 ut
723 1763 778 1797 cum
793 1750 838 1797 illo
853 1747 978 1797 moderate
1001 1766 1069 1816 agat,

204 1825 249 1859 noc
259 1811 378 1874 praestatae
392 1826 523 1878 repugnet,
539 1812 624 1861 livelit
635 1812 725 1861 solvere
739 1810 906 1868 aestimatione,
923 1811 947 1860 id
964 1811 1013 1870 est,
1028 1816 1069 1864 do·

202 1887 247 1922 mo
257 1872 369 1925 aellimata
378 1879 462 1939 quanti
472 1890 527 1927 ante
536 1878 604 1925 civile
614 1875 703 1924 bellurn
714 1872 790 1926 fuisset
801 1907 809 1929 ,
826 1875 859 1922 ita
875 1888 958 1924 tamen
973 1888 1000 1924 ut
1015 1893 1068 1928 eam

201 1939 334 1994 retineret,
355 1939 431 1986 donec
450 1940 518 1988 certis
534 1938 682 2003 pensionibus
702 1936 807 1985 debitum
822 1934 944 1994 solvisset,
967 1938 1068 1991 dedndlo

202 1997 312 2057 summac,
324 2000 341 2048 fi
352 2001 410 2065 qnid
419 2000 488 2050 usurae
501 2003 599 2057 nomine
614 2015 761 2050 numeratum
772 2012 810 2047 aut
826 2014 963 2063 perceptum
974 2002 1068 2055 suillett

199 2076 249 2125 qua
259 2063 397 2113 conditione
407 2079 490 2128 quarta
500 2066 549 2113 fere
559 2064 640 2113 crediti
655 2063 780 2127 deperibat.
813 2068 880 2119 lianc
896 2077 979 2115 autem
994 2080 1069 2123 reten-

200 2124 294 2175 tionem
305 2125 381 2176 Caesar
391 2128 416 2175 in
427 2129 478 2192 lege
489 2126 552 2189 Julia
563 2133 600 2177 De
611 2127 764 2176 estimatione
775 2138 825 2173 non
835 2125 959 2188 expressit,
977 2130 1069 2192 opinor,

201 2177 241 2235 led
252 2191 275 2236 vi
285 2189 344 2252 legis
355 2187 472 2251 permiste,
487 2204 511 2237 ut
522 2189 664 2239 debitoribus
675 2188 811 2238 subveniret.
845 2190 881 2236 sic
890 2190 957 2236 enim
968 2192 995 2241 δι
1006 2191 1069 2241 debi-

199 2261 265 2298 tores
287 2248 437 2313 possessiones
452 2250 500 2300 suas
517 2251 668 2308 retinebant,
690 2255 715 2301 ἃ
731 2250 882 2299 creditoribus
897 2265 996 2302 cautum
1011 2269 1067 2307 mar.

199 2312 249 2360 alii
261 2326 343 2375 putant
355 2313 392 2360 hic
403 2315 441 2376 agi
452 2315 482 2362 dc
497 2316 628 2362 retentione
639 2313 774 2363 mercedum
789 2314 956 2363 conduslionis
972 2315 1067 2376 aedlum,

200 2374 231 2427 dc
242 2390 288 2437 qua
300 2377 365 2425 Dion
375 2375 415 2424 lib.
423 2391 492 2425 anrr.
510 2373 584 2426 scribit
597 2377 711 2427 Caesarem
722 2378 843 2438 inquilinis
852 2378 973 2426 mercedes
984 2381 1066 2430 adium

200 2438 270 2486 unius
280 2440 336 2487 anni
348 2473 355 2495 ,
368 2453 419 2503 quar
431 2442 573 2503 quingentas
584 2440 706 2489 drachmas
717 2456 767 2488 non
777 2443 930 2495 excederent,
948 2440 1066 2496 remisisse.

199 2501 246 2551 Sed
256 2500 327 2550 verba
336 2501 456 2565 sequentia
470 2501 524 2552 satis
538 2501 644 2552 indicant
663 2505 701 2566 agi
710 2503 740 2551 de
754 2502 835 2551 debito
851 2505 877 2551 bt
893 2502 1067 2564 aeslimatione,

199 2565 290 2612 nonde
302 2564 408 2613 mercede
420 2564 599 2624 condudlionis3
615 2571 654 2615 Ne
664 2565 781 2622 existimes
792 2579 851 2620 eos,
871 2565 977 2629 quinon
989 2567 1067 2621 debita

197 2625 327 2675 consedlari
337 2627 438 2683 soleant,
455 2628 520 2691 quod
532 2627 641 2678 debeatur
650 2628 796 2681 remissoros:
812 2626 896 2694 quibus
905 2630 990 2690 acerbe
998 2646 1066 2682 notat

198 2688 352 2740 Casarianos.
384 2690 444 2740 Noli
455 2690 588 2743 existimare
598 2707 652 2750 eos,
668 2695 709 2756 qui
719 2706 742 2740 ra
760 2693 840 2740 inis&
853 2693 993 2742 sectionibus
1003 2694 1067 2749 bont
1110 2742 1114 2755 ,

164 2810 168 2819 ¹
197 2765 293 2815 parant,
303 2754 336 2811 ius
347 2755 485 2808 retentionis
494 2753 548 2817 ipfis
559 2753 663 2803 debitum
674 2756 731 2805 remi
753 2770 813 2802 uros.
835 2757 915 2815 itaque
925 2755 956 2805 de
966 2757 1006 2806 dit
1015 2771 1068 2814 tan·

199 2827 252 2865 tum
263 2815 358 2872 videto,
374 2831 448 2880 quam
458 2818 505 2865 illis
516 2817 545 2865 ad
556 2816 694 2866 solvendum
706 2819 834 2881 permitras.
869 2822 956 2879 Popma.
1017 2868 1022 2872 ,

232 2886 254 2928 ⁶.
271 2881 347 2942 Qum
356 2882 442 2936 habere,
452 2884 492 2943 qui
501 2887 570 2938 aran]
587 2886 639 2930 Hoc
652 2880 697 2938 est,
719 2880 803 2929 habere
819 2894 858 2927 me
868 2882 1008 2942 pecuniam,
1022 2897 1067 2948 qua

198 2942 286 2991 utatin
302 2941 389 2991 surmus
399 2942 518 2991 honestos.
550 2945 586 2991 sic
596 2948 619 2993 ἃ
632 2943 732 3009 superius
741 2943 846 3006 loquitur
859 2957 900 2999 rr,
916 2958 954 3007 ep.
969 2961 1005 2996 rr.
1023 2946 1066 2998 Sed

198 3004 292 3052 videtur
303 3020 352 3053 non
364 3003 426 3070 posse
436 3005 576 3068 procedere,
593 3007 691 3069 quodid
703 3005 790 3067 doleat,
812 3005 917 3068 Ideoque
929 3008 967 3055 vel
978 3008 1067 3059 addeu-

200 3064 259 3115 dllm
271 3066 304 3116 est
320 3071 395 3124 lator,
417 3067 464 3119 five
476 3071 556 3131 gaudio
574 3071 634 3118 inter
648 3087 713 3134 quam
729 3071 754 3118 ὃ(
769 3071 855 3125 habere,
871 3069 909 3117 vel
930 3070 1066 3121 tollendum

198 3130 226 3175 nl
237 3130 325 3186 habere,
342 3145 367 3179 ut
379 3131 523 3195 intelligatur
534 3150 572 3178 non
583 3136 655 3180 lamere
667 3148 697 3182 ea
709 3131 852 3194 procedenti
887 3136 917 3179 Et
928 3131 1007 3184 sensus
1017 3150 1068 3193 turn

196 3186 273 3245 essct,
295 3207 344 3242 non
363 3195 396 3242 ita
413 3208 452 3241 me
468 3193 569 3248 afficeret
587 3210 690 3244 menon
708 3194 793 3244 habere
806 3196 832 3243 in
852 3191 976 3253 sumtum,
1012 3213 1066 3250 uam

196 3250 270 3300 afficit
281 3268 320 3302 me
330 3270 380 3303 nnn
395 3255 480 3304 babere
494 3257 584 3306 bonunt
599 3259 717 3308 heredem.
749 3259 800 3320 Qr'
813 3271 863 3304 urar
879 3272 929 3304 non
946 3259 982 3308 int
1009 3263 1078 3323 lesit,

195 3315 294 3377 supma.
313 3317 369 3372 ff,
378 3321 472 3368 Gronov.
488 3323 539 3384 Qi
549 3335 600 3368 urar
610 3321 654 3377 cll,
666 3321 728 3369 unde
738 3319 862 3369 sustineam
877 3318 987 3379 sumtus,
1003 3323 1066 3373 unde
1091 3342 1094 3350 ¹

197 3377 284 3428 vivam.
300 3378 353 3428 vide
364 3383 471 3429 Gronov.
489 3382 519 3430 de
533 3386 614 3435 Pecun.
624 3389 676 3433 vet.
688 3384 727 3433 lib.
735 3399 766 3435 rr.
782 3397 832 3449 cap.
839 3398 862 3443 7.
873 3382 913 3435 ubi
923 3385 1004 3436 multa
1014 3385 1068 3443 scits

193 3437 226 3500 sle
236 3440 283 3499 boc
292 3442 406 3509 loquendi
417 3457 503 3508 genere
516 3446 616 3501 notauit.
648 3451 722 3509 (ξαν,

990 3528 1013 3575 r·
1030 3518 1065 3575 Dr
