2296 3900
218 117 298 203 1896
372 114 512 181 Lrura
554 90 1024 203 Quartusnrcrrrus,'

218 223 317 283 Seruio
327 221 388 298 jam
404 219 533 294 rescripsr.
573 233 655 279 ¹rme
670 222 762 280 facere
776 236 912 298 magnam
926 214 1031 290 πρᾶξιν
1041 214 1105 304 Dua]

69 325 196 384 elsatan,
218 299 335 363 labellae.
373 298 443 356 mihi
464 299 625 357 mehercule
654 300 691 357 ita
710 296 845 368 uidetur,
871 313 935 355 uon
958 291 1109 379 ²poturllet

71 393 186 451 trouv.
225 379 315 453 major
329 375 378 433 tali
400 393 430 433 re
456 374 560 450 talique
582 388 721 451 tempore.
759 374 806 434 sed
828 387 954 443 tamen,
974 368 1137 457 quidquidi

71 456 115 526 atu
142 468 170 499 0·
228 455 254 513 ei
267 453 359 513 tribuo
376 493 385 520 ‚
404 451 496 509 tribuo
518 470 554 509 ex
573 454 626 510 tuis
646 452 750 511 litteris.
788 451 838 509 tibi
857 448 933 509 uero
957 447 1111 515 ιιίὶειιιιοι,ι

72 529 107 565 ‘¹¹¹
120 530 150 624 f:
228 531 367 591 ma'orem
389 530 488 599 πρᾶξιν
508 529 567 603 ejus
590 530 677 597 fore,
709 528 839 597 fimihi,
874 524 957 603 quod
978 524 1109 591 adcurrit,-

73 577 148 693 gegg
228 548 386 667 didolverit.
424 605 540 674 Brutus,
560 606 671 674 velim,
691 603 723 664 srt
744 604 863 663 Asturae.
904 601 999 679 Quod
1020 612 1108 659 autent

145 677 152 692 ’
228 684 321 746 laudas
338 700 403 752 me,
423 680 501 756 quod
516 682 583 741 nihil
597 693 662 739 ante
677 681 711 739 de
726 681 906 756 profetllione
928 676 1107 746 constituam,

120 815 176 872 rag.
230 760 336 838 quim,
356 758 402 817 illa
416 757 474 834 quo
491 757 601 817 evasura
615 757 683 827 smt,
704 757 817 816 videro:
839 770 925 816 muto
939 754 1108 813 sententiam.¹

78 878 213 925 ccxxxv
231 855 324 914 neque
339 835 491 912 quidquam
505 846 600 894 tamen
616 846 681 893 aute
700 835 786 911 quarn
801 847 831 892 te
849 834 962 892 videro.
991 832 1106 889 Atticam

79 910 137 987 cd}
148 909 224 987 mm}
235 932 329 973 meam
343 914 439 988 gratias
454 912 521 970 mihi
544 929 626 985 agere
646 911 702 969 cde
724 925 813 970 matre
832 910 974 985 gaudeo:
996 910 1043 967 cui
1056 909 1108 983 qui-

80 1000 170 1059 deestin
235 992 301 1051 dem
316 1007 371 1064 ego
392 999 482 1047 totam
505 988 599 1048 villam
620 987 773 1063 cellamque
788 988 886 1045 tradidi
897 1009 905 1052 ;
930 1002 1054 1060 eamque
1066 1002 1105 1041 co·

80 1066 153 1117 usa.
234 1069 355 1142 girabam
372 1085 398 1122 v.
411 1065 472 1123 idus
485 1065 588 1123 videre.
626 1076 657 1121 tu
676 1065 781 1129 Atticae
802 1063 922 1123 salutern
944 1062 1031 1125 dices.
1064 1078 1104 1121 uus

62 1154 65 1159 '
234 1145 331 1207 Piliam
346 1141 489 1217 diligenter
501 1141 650 1207 tuebimur.
772 1156 778 1163 ·

500 1344 765 1423 arrsroaa
801 1344 858 1399 xx.

444 1491 625 1559 CICERO
652 1493 851 1568 ATTICQ
878 1493 907 1553 S.

240 1644 255 1690 a
632 1649 638 1660 ·
881 1650 887 1661 ·
963 1668 971 1677 -
1041 1650 1048 1663 ·

89 1661 210 1757 artus.
261 1647 1108 1802 Elllolllll‘lllllsllilllsllduilius-llll

90 1818 150 1873 ede
160 1820 217 1869 idem
242 1799 279 1857 re
294 1801 360 1858 navi
386 1803 480 1877 accepi
509 1816 568 1861 tuas
588 1802 714 1871 litteras,
750 1820 816 1878 quas
835 1815 900 1861 tuus
923 1805 1109 1869 tabellariusiu

91 1887 145 1931 MS.
245 1878 406 1937 Cumanum
427 1876 541 1938 attulisse
562 1879 743 1948 fdicebatur,
776 1880 858 1938 nonis
880 1882 954 1955 Ma‘j.
977 1879 1074 1940 datas:
1095 1880 1109 1943 l

92 1944 214 2001 svideba·
245 1956 366 2014 Lucullo
380 1956 508 2031 postridie
523 1955 621 2015 eidem
637 1958 694 2013 fere
708 1953 777 2015 hori
793 1998 802 2024 ,
822 1953 877 2030 qui
890 1958 980 2026 verri,
1002 1957 1110 2029 viridut'

91 2020 130 2085 ‘lu‘
140 2014 193 2065 ²¹¹⁸·
245 2033 377 2095 Lanuvio
392 2033 475 2093 datas.
497 2033 594 2092 ¹5audi
609 2034 690 2109 igitur
704 2034 739 2093 ad
752 2051 860 2092 omncs.
887 2034 1021 2094 Primhm
1030 2077 1040 2106 ,
1058 2038 1104 2169 qd'

253 2128 257 2134 ,
286 2128 290 2134 ,
566 2130 568 2134 .
626 2148 636 2155 „
1102 2127 1114 2168 e

280 2278 316 2322 14.
335 2268 372 2310 Me
383 2265 455 2323 facere
468 2273 592 2329 magnam.)
620 2266 703 2323 scribis
720 2282 760 2317 me
776 2266 847 2317 nimis
863 2263 948 2315 efferre
965 2282 1021 2329 rem
1036 2265 1113 2332 gestan

244 2326 378 2377 Dolabella:
391 2328 441 2390 poll
453 2344 535 2377 necem
553 2328 667 2384 Caesaris,
682 2330 707 2379 id
722 2331 769 2387 est,
787 2328 1026 2381 animadversionem
1041 2334 1066 2380 in
1078 2329 1113 2378 ho·

245 2392 323 2441 mines
333 2389 449 2454 perditos,
465 2407 526 2454 quos
537 2390 566 2439 de
579 2393 634 2440 saxo
649 2391 752 2451 deiecit,
773 2409 813 2443 aut
829 2395 854 2442 iu
868 2409 965 2442 crrrcem
982 2393 1071 2444 sustulit
1084 2407 1114 2455 ep.

246 2463 328 2511 15,18.
345 2458 421 2500 Facere
436 2470 536 2518 magnum
547 2470 636 2505 veteres
645 2472 694 2505 uno
705 2456 776 2505 verbo
785 2456 895 2509 dixerunt
906 2458 1114 2522 dlagnsficamqua

246 2529 343 2566 utuntur
354 2518 479 2576 Lucidius,
493 2520 601 2577 Plautus,
616 2522 747 2569 Terentius.
780 2526 866 2583 Popma.

282 2597 318 2636 rst
337 2584 408 2631 Audi
416 2586 503 2645 agitatu]
517 2584 598 2647 Poggii
614 2581 691 2638 liber,
709 2584 776 2630 Aud’
787 2587 872 2644 igitur,
888 2598 946 2631 cum
960 2582 1116 2648 Apostrophe.

247 2642 304 2693 elisa
317 2644 389 2693 altera
400 2647 490 2699 vocali,
505 2661 556 2694 non
566 2645 740 2702 incommode,
756 2659 780 2693 ut
798 2647 823 2693 iu
838 2646 883 2693 illo
893 2651 1053 2698 Terentiano.
1086 2652 1116 2691 l'u

247 2706 297 2766 islec
308 2710 360 2753 inrr’
371 2709 452 2765 ausert’
462 2712 524 2756 abate.
559 2710 603 2756 Sed
615 2709 697 2757 audior
708 2724 757 2756 non
770 2709 837 2764 sum,
860 2721 886 2756 ut
902 2711 976 2758 utrius
992 2710 1048 2760 libri
1063 2708 1116 2758 telli-

249 2771 336 2818 mouio
357 2772 389 2818 lta
400 2770 438 2819 hic
454 2786 550 2833 quoque
563 2771 679 2821 scribatur.
706 2777 765 2819 Puto
776 2785 857 2819 tamen
879 2773 985 2820 Latinos
1006 2790 1058 2822 non
1071 2770 1116 2821 saue

248 2844 301 2881 tam
313 2831 394 2881 crebro
422 2849 476 2881 uam
489 2839 598 2890 Graecos,
614 2834 651 2882 sed
661 2848 743 2882 tamen
754 2832 884 2897 ¹aliquando
896 2837 922 2883 ot
933 2833 1023 2897 synalae
1043 2837 1084 2890 ha,
1096 2838 1118 2884 dt

248 2892 374 2944 collifiorre
391 2849 462 2952 udos,
477 2896 502 2944 in
513 2898 632 2946 vocalium
648 2896 833 2945 commistione:
850 2895 889 2945 sed
905 2912 995 2946 eorum
1011 2853 1119 2949 liphrosia

250 2957 375 3020 quoddam
386 2958 513 3008 hominum
528 2975 601 3025 genus
617 2959 740 3016 incidill'e,
761 2961 801 3022 qui
818 2959 851 3009 ita
867 2959 908 3008 scri
927 2974 1009 3013 turam
1020 2976 1087 3011 cortu

250 3023 311 3077 rint,
328 3034 354 3070 ut
364 3036 418 3070 cum
429 3038 443 3070 a
454 3036 532 3071 metro
545 3021 730 3077 discefferimus‚
747 3022 877 3070 nesciamus
895 2976 935 3071 udi
952 3025 992 3075 illi
1006 3038 1049 3073 eas
1093 3023 1120 3071 hi-

250 3082 349 3133 buerint.
377 3090 407 3133 Et
418 3089 535 3147 quoniam
543 3088 609 3135 loeus
620 3103 670 3134 nou
680 3089 750 3148 plane
761 3086 852 3134 videtur
861 3085 981 3143 recusare,
999 3085 1120 3137 adscribam

253 3159 306 3207 quae
319 3146 383 3210 supet
398 3148 442 3197 hac
457 3148 505 3212 ipsa
520 3165 545 3199 te
565 3151 590 3198 in
607 3149 645 3197 sua
661 3148 837 3213 orthographia
851 3150 991 3198 vitioriuus
1007 3148 1120 3213 prodidit

252 3222 316 3263 ratus
327 3208 380 3268 fore
398 3227 448 3259 nou
468 3212 568 3262 inutilia.
591 3217 625 3260 Ea
637 3227 692 3260 vero
702 3213 754 3260 suut
771 3214 836 3262 hacc:
859 3217 992 3273 Praecptum
1009 3227 1059 3260 erat
1074 3216 1122 3259 αι’·

252 3286 358 3333 quorum,
372 3276 438 3333 scribi
447 3277 534 3337 quidem
544 3277 639 3321 omullus
649 3279 730 3322 litteris
740 3289 830 3337 oportere
841 3291 849 3319 .·
867 3280 890 3321 in
907 3279 1045 3322 enuntiando
1060 3290 1121 3323 mur

253 3343 358 3395 quasdam
373 3339 456 3384 litteras
470 3341 555 3386 elidere.
578 3345 604 3386 In
619 3355 659 3402 qua
672 3341 698 3391 t'a·
710 3340 767 3385 idem
774 3342 850 3401 sepius
863 3340 957 3393 dicam,
974 3341 1009 3386 tis
1021 3342 1122 3402 peccatis:

251 3398 389 3458 quodssaltud
397 3401 512 3459 scribitis,
539 3403 604 3448 aliud
613 3404 703 3464 legitis,
722 3418 788 3465 quam
796 3404 902 3463 scriptum
918 3403 956 3461 est.
990 3404 1063 3467 Qid
1076 3404 1122 3449 enin

246 3458 338 3522 facietis
349 3464 373 3510 in
388 3464 441 3522 lais,
456 3479 516 3539 qua,
532 3467 704 3526 aeltiarnitis,
720 3467 747 3530 φ’
757 3466 870 3529 firr‘ltrtda
881 3465 934 3527 [nrt
944 3467 974 3522 da
988 3467 1096 3597 Ιαωῗι,
1104 3476 1123 3523 β

307 3546 320 3557 ·-
489 3544 493 3549 ·
570 3554 573 3559 -
681 3550 686 3557 ·
1064 3540 1124 3595 σιμ
