2296 3900
159 50 680 121 hirimannus.
805 60 887 133 2137

19 167 103 245 fiper
115 166 297 238 interregem,
318 157 374 219 sme
384 158 515 232 judicio:
535 157 554 216 sr
576 175 624 234 per
643 154 824 226 dictatorem,
842 168 899 238 τι..
944 206 971 241 ·,

22 261 88 304 men
106 241 165 302 fine
184 238 314 314 periculo.
353 235 410 293 odii
423 233 505 293 inibil
524 234 613 292 habet.
654 231 796 290 Hortensii
810 233 899 292 calor¹
910 239 980 302 enim

20 321 143 380 multum
157 315 264 375 valebit.
302 311 413 370 Gabinii
434 310 566 368 absolutio
591 311 635 369 lert
656 308 823 382 impunitatis
836 290 996 384 pu·¹²¹¹¹.¹¹⁶st

19 396 119 464 fitur,
138 393 167 449 ἓν
179 393 194 436 ¹¹
203 393 331 463 turstatt·
365 387 411 444 De
431 386 562 445 dictatore
576 398 671 443 tamen
689 383 782 442 aetum
796 370 948 465 adhuc⁶p{''l„’

956 357 1026 403 Laud

19 473 91 530 nihil
109 470 155 528 est.
193 468 339 541 Pompejus
359 461 452 520 abest:
472 462 500 513 ⁶7
509 462 615 536 Appius
636 460 752 518 miscet:
772 421 1031 528 ¹Hirrmrrr,‘'‘'”

19 559 115 623 parat:
136 545 216 603 multi
229 537 414 601 intercessores
426 549 620 596 numerantur:
636 537 751 612 populus
765 554 824 594 non
839 554 888 595 cu·
927 544 952 591 r.
972 545 1000 591 lt.

22 634 89 681 tat:
108 621 243 697 principes
269 617 388 675 nolunt:
414 631 468 688 ego
496 613 614 690 quiesco.
656 613 703 671 De
725 614 817 671 manci
836 613 867 671 iis
881 601 1015 711 ,2¹th

22 697 105 775 quod
117 699 185 755 mihi
201 695 347 769 polliceris,
368 690 447 748 vaide
460 701 489 748 te
503 708 567 748 amo
585 710 591 747 :
613 691 642 748 ὃ(
660 689 719 747 sum
741 689 805 765 equi
825 704 890 756 em,
921 685 947 716 ¹¹·

24 775 68 832 uti
82 773 170 832 scribis
186 814 194 840 ,
215 772 244 828 δι
258 772 376 836 Romae,
396 767 454 823 ¹¹¹&
466 766 494 823 in
509 764 615 841 praediis
629 767 797 842 infrequens.
835 764 922 825 Sedm
937 768 1038 839 &pud

27 867 114 918 cave,
133 848 250 916 amabo,
270 846 438 921 quidquam,
457 843 535 917 quod
547 840 581 898 ad
595 859 691 899 meum
705 841 892 900 commodum
901 837 953 886 ²⁴⁵⁸·

29 927 167 994 attineat,
185 923 234 981 nist
256 922 382 980 maximo
407 930 458 975 tuo
480 919 636 976 commodo
656 920 686 975 &
706 918 827 975 maxima
845 930 892 978 tua

31 1001 185 1070 facultate,
211 998 250 1056 mi
267 998 370 1062 frater,
391 994 524 1068 cogitaris.
562 992 607 1051 Dc
630 993 740 1068 epistola
766 993 917 1053 1¹Vatiniiu
931 990 1023 1067 ‚lenll

32 1075 83 1137 rifi.
121 1075 167 1134 sed
183 1093 229 1133 me
244 1074 276 1132 ab
291 1089 326 1129 eo
341 1072 377 1128 ita
392 1069 525 1128 observari
539 1067 594 1126 scio
609 1112 617 1138 ,
637 1082 669 1128 ut
689 1070 747 1145 ejus
768 1068 816 1126 isia
830 1069 894 1128 odia
902 1058 952 1102 ⁴²¹¹·

33 1170 92 1210 non
106 1151 229 1210 sorbeam
243 1147 347 1213 sollrm,
366 1144 508 1204 sedetiam
523 1161 708 1221 concoquam.
739 1143 835 1220 ‘Quod
849 1163 896 1204 me

33 1228 172 1296 hortaris,
192 1239 223 1283 ut
236 1224 371 1282 absolvam
388 1241 394 1278 :
414 1221 503 1278 habeo
525 1218 676 1279 absolutum
697 1220 803 1290 suave,
829 1222 899 1279 mihi

36 1305 150 1387 quidem
165 1303 227 1360 ⁰uti
241 1299 347 1360 videtur
361 1341 370 1372 ,
390 1297 453 1363 sarae
466 1297 501 1368 ad
522 1295 657 1359 Caesarem
672 1317 679 1357 :
706 1295 787 1357 ⁶8sed
801 1309 924 1433 quairoo
938 1294 1022 1344 ntulit.

866 1392 900 1435 0-

70 1572 110 1618 σγ.
128 1563 315 1627 cappiwnifceru
330 1566 406 1611 Notat
422 1559 527 1611 bominis
539 1561 679 1628 ingenium,
695 1561 813 1614 miscentis
838 1563 901 1613 otius

38 1629 114 1695 quim
130 1630 228 1689 agentis.
261 1623 344 1673 Miscet
361 1639 458 1679 aurem,
474 1640 524 1673 non
541 1629 597 1688 quia
616 1625 775 1683 dictatorem,
792 1623 807 1674 s
846 1627 903 1690 quia

39 1689 140 1741 comitia
150 1691 230 1738 vellet.
263 1701 321 1734 narn
331 1689 356 1735 in
366 1685 430 1749 epist.
443 1687 509 1745 buius
520 1688 561 1737 lib.
574 1703 618 1737 111.
638 1689 743 1749 consoles,
757 1689 782 1737 in
800 1690 853 1745 uit,
868 1706 904 1736 oe·

39 1756 107 1801 mitia
117 1754 189 1798 labere
198 1753 290 1814 captant.
307 1763 380 1812 quam
394 1747 461 1796 video
473 1747 580 1813 scriptam
592 1750 643 1815 posi
658 1765 776 1800 memorem
783 1701 817 1799 le
831 1750 906 1800 didita·

39 1826 94 1865 tuta
116 1827 207 1862 natum.
240 1826 296 1858 nam
316 1813 340 1859 in
361 1824 387 1860 ea
403 1811 534 1860 consulates
555 1814 588 1863 ait
608 1811 746 1862 candidatos
762 1813 793 1860 de
814 1813 907 1863 ambitu

40 1877 193 1948 postulatos:
218 1877 242 1922 bt
260 1873 289 1920 ad
304 1878 352 1921 Art.
375 1871 414 1921 ubi
433 1872 530 1922 eosdem
541 1869 734 1932 reos'memorat,
750 1874 908 1925 odoremelse

42 1940 188 1988 nonnullum
204 1936 321 1984 dictatura
343 1935 406 1984 dicit.
439 1942 519 1997 Atque
534 1937 580 1984 hoc
600 1936 655 1986 ideo
675 1938 765 1987 dilium
779 1937 861 1993 volui,
877 1952 908 1987 rte
982 1941 986 1953 ¹

42 2004 97 2066 quit
110 2002 210 2064 Appium
226 1999 362 2052 dictaturae,
379 2012 451 2060 quam
469 2001 582 2063 Pompeio
597 1999 702 2048 delatum
716 2002 743 2049 iri
757 1998 908 2057 credebatur,

10 2088 13 2093 ·
44 2062 163 2171 exigimet
173 2064 265 2117 favere,
281 2064 336 2124 quia
345 2059 421 2108 filiam
431 2059 496 2109 suam
508 2063 612 2126 Pompeii
623 2059 830 2119 filiocoliocalset‚
845 2061 909 2113 ureb

46 2128 74 2175 io
104 2138 151 2172 am.
185 2131 210 2174 Ρ.
218 2128 304 2172 Manat.
663 2132 665 2137 ·

80 2193 118 2233 ct.
135 2187 201 2241 Quod
211 2203 244 2248 ego
252 2189 344 2244 nectua]
362 2191 439 2234 Locus
450 2198 570 2249 corruptus
581 2187 606 2235 δι
616 2186 695 2235 lacer:
712 2187 827 2236 Germani
841 2183 874 2239 fic
885 2190 912 2238 in

46 2249 157 2311 margine
170 2247 202 2297 sui
213 2250 300 2297 codicis
316 2247 463 2312 scripserunt,
482 2265 507 2295 ne
517 2251 606 2358 accipiar
616 2251 672 2312 quod
683 2253 775 2296 Err'cono
785 2263 841 2304 ree,
857 2253 914 2313 quoe

42 2314 87 2376 seli
99 2311 175 2370 cesare
187 2313 231 2362 dre.
246 2314 292 2367 Ut,
304 2308 319 2357 li
330 2310 469 2372 conjebluris
480 2311 544 2358 locus
563 2323 597 2369 tt,
611 2324 691 2375 putem
703 2313 750 2376 legi
761 2327 811 2360 non
820 2313 914 2361 incom-

51 2371 126 2425 mode
143 2373 208 2435 polse
219 2407 226 2428 ,
237 2373 274 2431 sed
289 2370 355 2433 q'rtaro
368 2378 486 2436 locupletem
499 2376 651 2431 tabellarium,
666 2392 691 2421 ne
700 2377 782 2421 accidat
792 2375 849 2436 qued
859 2378 914 2421 Eri-

46 2454 104 2502 μυ
116 2449 155 2481 tue
162 2471 169 2493 ,
185 2437 221 2481 cui
232 2435 276 2494 soii
287 2436 361 2494 (ψη
373 2440 494 2498 imperatore
504 2439 545 2483 iter
555 2453 580 2482 ex
590 2439 668 2482 Gallio
679 2450 751 2483 tutum
763 2436 873 2495 nonfuit:
888 2449 914 2486 ut

50 2499 213 2561 intelligamus
225 2502 256 2558 Q.
269 2499 409 2544 Ciceronem
421 2501 456 2546 M.
468 2496 534 2546 fratri
548 2512 578 2545 ert
591 2499 670 2548 Gallia
684 2500 813 2562 Erigonam
824 2510 915 2562 ttagoe·

50 2562 117 2612 tliam
126 2559 223 2615 misisse:
244 2574 294 2621 quae
303 2572 383 2607 tamen
395 2561 419 2607 in
430 2560 512 2607 itinere
521 2558 602 2608 amissa
614 2558 656 2609 sit:
671 2561 708 2608 vel
721 2560 824 2622 aliquem
836 2560 914 2609 casum

51 2622 132 2693 passa,
147 2636 172 2673 ut
188 2622 250 2672 salva
267 2637 316 2668 non
333 2622 429 2670 venerit.
446 2622 545 2669 'fimens
562 2622 677 2685 igiturne
694 2620 757 2669 idem
773 2620 813 2669 suo
824 2623 915 2672 aecidat

86 2687 161 2734 'e'mati
181 2690 216 2734 Μ.
230 2684 327 2739 Cicero,
344 2681 366 2731 se
376 2683 519 2747 locupletem
528 2681 675 2733 tabellarium
687 2698 787 2747 quarere
798 2682 866 2738 dicit,
876 2686 918 2748 qui

50 2750 112 2800 rilud
124 2747 154 2794 ad
169 2745 284 2796 Caesarem
301 2757 385 2811 portet.
419 2745 491 2794 Parvi
507 2744 575 2794 nobis
595 2749 696 2795 omnino
716 2745 812 2797 licentii
827 2746 919 2797 videtur

52 2809 120 2879 posse
136 2808 260 2872 saria'apt‘e
277 2811 342 2856 locus
357 2809 395 2855 iric
409 2805 610 2871 deprauatiffimus
624 2806 730 2864 restitui,
743 2807 760 2856 l'r
771 2807 926 2873 testimonio

52 2878 232 2924 Germanorum
243 2871 303 2918 fides
313 2869 437 2919 habeatur:
454 2872 494 2932 qui
504 2870 586 2918 omnia
596 2869 642 2919 see
658 2883 735 2919 vetere
750 2870 846 2928 codice,
882 2887 916 2921 oe

52 2937 79 2986 in
89 2934 234 2996 marginibus
245 2932 400 2988 adnotarunt,
416 2930 527 2996 accepisse
536 2931 611 2981 teliaci
627 2931 685 2982 sunt.
717 2933 788 2994 Qtod
805 2930 823 2981 st
838 2949 871 2982 no
891 2950 917 2986 er

54 3000 166 3060 antiquus
181 2997 239 3044 liber
253 3010 307 3044 oum
325 2995 469 3043 Germanico
481 2995 574 3058 penitus
588 2993 749 3045 concordasset
765 3029 773 3053 ,
788 3010 838 3044 non
849 2997 917 3047 vetiti

53 3057 152 3110 sortasse
161 3057 259 3107 essemus
270 3058 442 3121 aliquantulum
460 3056 528 3105 nobis
543 3057 692 3120 indulgentes
702 3059 782 3107 locum
793 3093 801 3114 ‚
816 3070 841 3105 ut
852 3061 918 3123 supra

56 3121 200 3186 scripsimus,
218 3121 344 3168 restituere:
359 3120 399 3169 sed
411 3120 534 3182 paulbille
544 3121 699 3184 vulgatisboc
709 3121 764 3170 loco
775 3121 917 3171 meliorest:

56 3202 103 3247 ergo
114 3197 208 3233 tantum
219 3182 306 3239 babet,
327 3182 365 3230 ubi
377 3178 471 3236 excusi,
502 3198 554 3244 ego,
586 3197 611 3231 ur
626 3196 706 3232 tamen
722 3187 746 3232 ae
762 3183 809 3248 ipse
822 3188 918 3247 Erigone
953 3219 955 3226 .

58 3247 182 3309 vestigium
193 3246 288 3310 aliquod
300 3248 411 3292 retineat:
428 3243 567 3296 sedtamen,
577 3259 630 3292 cum
637 3245 714 3294 statim
725 3260 774 3294 tarn
784 3245 880 3309 abrupte
894 3249 928 3295 in*

60 3307 192 3358 sermonem
208 3308 238 3356 de
254 3307 355 3356 aediliciis
375 3307 471 3362 veniat,
497 3305 622 3355 necelsarib
640 3310 840 3376 cogimurlocum
857 3309 920 3357 laune

61 3384 173 3427 mancum
183 3372 365 3425 &decurtatum
377 3367 424 3420 else
436 3368 535 3420 credere
570 3374 646 3421 Victor.

477 3438 598 3483 Vovvvv
614 3450 624 3490 5
810 3441 848 3488 69.
864 3433 929 3496 Qid
