2296 3900
133 134 141 167 i
218 66 355 205 3556,
402 110 601 193 'Lim
643 68 926 182 Dsecrllvs

213 226 306 295 fimare.
343 224 465 297 bisunt,
485 227 551 303 qui,
570 226 621 287 nili
640 243 690 285 me
709 227 821 287 civitate
840 225 1022 304 expulissent,
1044 223 1094 287 obi

92 320 159 373 pute·
207 304 303 375 unere
324 301 351 361 se
372 320 431 362 non
452 301 529 379 polle
542 314 727 380 ‘putaverunt
745 303 886 364 licentiam
908 304 1094 382 cupiditatum

64 371 174 433 warte.
215 380 340 439 suarum:
361 390 520 456 ²tquorum
540 380 675 441 societatis
695 381 725 438 δι
745 379 883 441 sceleratae
903 380 1094 443 consensionis

215 455 283 516 fides
297 454 355 533 qub
371 458 506 532 eruperit,
526 456 611 517 vides.
649 456 717 517 alter
729 457 806 517 ardet
820 459 913 518 furore
927 461 958 518 &
972 457 1098 527 scelere,
1119 488 1123 495 ·

169 574 173 591 .
217 551 272 593 nec
285 534 400 593 remittit
414 533 535 610 aliquid,
554 533 601 593 sed
614 535 644 594 in
659 533 716 593 dies
729 533 906 610 ingravescit:
927 532 1021 594 modo
1039 534 1094 593 lta·
1119 548 1122 565 ¹

140 617 151 627 ’·
214 606 253 669 rit
267 611 386 686 expulit:
406 628 481 672 nunc
495 610 546 670 alia
559 629 595 669 ex
609 624 684 686 parte
698 610 840 686 persequi,
860 630 895 671 ex
910 612 962 670 alia
976 611 1093 686 provin·

66 688 261 772 temporie-Cia
276 687 407 762 ⁵spoliare
427 695 566 746 conatur:
594 687 722 822 necdum
742 687 871 758 recusat,
897 688 944 747 sed
963 686 1092 763 quodam

67 785 92 822 re
103 774 174 822 MSS.
219 763 308 823 modo
324 763 455 838 postulat,
476 776 529 833 ut,
548 781 651 841 quema
672 763 790 823 modum
810 765 848 822 est
864 807 873 834 ,
892 764 929 829 sic
944 766 1033 823 etiarn
1047 781 1093 839 ap-

218 838 333 916 pelletur
351 853 492 915 tyrannus.
529 841 597 901 alter
622 842 662 910 is,
681 841 730 917 qui
752 858 803 899 nos
825 840 872 899 fibi
888 841 1039 918 quondam
1059 840 1091 901 ad

146 962 149 969 .
218 916 303 993 pedes
316 917 409 975 stratos
424 935 460 975 ne
474 916 629 977 sublevabat
642 917 773 993 quidem,
793 918 842 993 qui
858 917 885 975 se
911 917 979 975 nihil
995 930 1100 977 contra·

73 1052 75 1057 ,
217 993 299 1068 hujus
313 993 486 1053 voluntatem
501 994 591 1069 ajebat
605 995 695 1053 facere
716 990 817 1068 polle,
845 994 947 1068 elapsus
967 992 984 1051 ὲ
1005 993 1092 1054 soceri

167 1118 168 1122 ,
218 1069 391 1128 manibusue
406 1071 497 1140 ferro,
517 1070 618 1129 bellum
634 1067 704 1128 terri
720 1072 748 1128 ὅ(
762 1071 831 1129 mari
845 1082 1015 1146 comparat,
1035 1089 1092 1130 non

217 1146 349 1221 injustum
362 1147 406 1205 ille
419 1148 553 1223 quidem,
572 1147 619 1205 sed
632 1146 696 1215 cium
709 1149 805 1221 pium,
823 1159 885 1204 turn
900 1148 987 1205 etiam
1003 1146 1103 1206 neceb

218 1222 339 1293 sarium,
357 1222 408 1281 suis
428 1236 523 1282 tamen
545 1223 648 1283 civibus
670 1223 829 1294 exitiabile,
848 1222 899 1283 nisi
913 1223 1030 1292 vicerit;
1051 1241 1094 1283 ca·

220 1299 378 1359 lamitosum
400 1301 483 1358 etiam
499 1299 547 1369 ‚fi
575 1300 678 1358 vicerit.
716 1299 818 1358 horum
839 1317 893 1375 ego
915 1299 1093 1359 summorum

219 1378 419 1451 imperatorum
433 1394 492 1435 non
507 1375 596 1434 modb
610 1394 652 1434 res
667 1375 750 1452 gestas
767 1395 826 1437 non
841 1389 985 1451 antepono
1008 1377 1094 1447 meis,
1128 1416 1138 1441 5

219 1451 266 1510 sed
280 1471 316 1511 ne
331 1454 471 1511 fortunam
485 1452 600 1528 quidem
620 1451 729 1528 ipsam,
748 1449 802 1528 qud
822 1452 861 1511 illi
881 1451 1093 1525 florentiffi'mfi,

219 1546 273 1587 nos
299 1528 409 1587 duriore
437 1528 586 1588 contituti
607 1528 742 1590 videmur.
780 1529 852 1664 guis
881 1530 958 1588 enim
987 1529 1093 1606 potest,

222 1616 271 1677 aut
284 1602 386 1673 deserti
400 1623 449 1680 per
463 1604 489 1665 se
503 1603 589 1681 patrii
603 1647 611 1673 ,
631 1619 678 1664 aut
692 1623 778 1681 oppre
801 1623 816 1663 a
830 1648 838 1674 ,
859 1607 952 1666 beatus
966 1604 1049 1664 effe?
1066 1608 1094 1666 dc

174 1734 178 1739 .
221 1679 259 1749 fi,
279 1694 310 1739 ut
322 1699 373 1740 nos
386 1680 401 1738 i
418 1694 445 1739 re
459 1683 663 1751 admonemur,
681 1681 756 1741 reete
769 1683 798 1740 in
811 1682 860 1741 illis
874 1681 945 1740 libris
960 1681 1094 1754 diximus,

169 1760 172 1765 '
219 1757 288 1816 nihil
301 1755 354 1823 else
368 1758 498 1827 bonum,
518 1757 568 1818 nisi
588 1758 665 1833 quod
689 1758 858 1826 honestum;
879 1759 948 1821 nihil
969 1759 1096 1831 malum,

180 1874 185 1884 ‚
221 1833 273 1895 nifi
287 1834 365 1910 quod
378 1847 467 1909 turpe
478 1835 532 1893 fit:
554 1833 627 1893 certe
649 1845 765 1911 uterque
786 1835 900 1893 illorum
922 1834 959 1895 est
975 1837 1094 1896 miserii-

223 1926 302 1989 mum
323 1929 443 1986 quorum
460 1912 569 1987 utrique
590 1911 696 1986 semper
719 1913 812 1987 patriae
833 1911 899 1969 salus
925 1913 955 1970 &
978 1913 1095 1988 dignitas

207 1987 355 2063 posterior
382 1988 427 2046 sua
456 1988 649 2047 dominatione
691 1989 721 2046 ὃ(
749 1987 904 2046 domesticis
933 1990 1095 2049 commodis

72 2070 196 2136 escientil
223 2066 283 2124 fuit.
321 2063 452 2123 Praeclari
470 2067 551 2140 igitur
570 2062 754 2122 tconscientii
772 2064 927 2132 sustentor,
955 2064 1024 2125 cium
1048 2084 1095 2125 co·

72 2145 127 2192 MS·
171 2166 176 2175 ·
221 2142 282 2216 gito
299 2140 395 2199 mede
410 2142 546 2214 republica
560 2152 606 2198 aut
621 2138 745 2199 meruisse
761 2139 892 2214 optime,
912 2139 979 2200 cum
994 2154 1096 2217 potue-

87 2239 215 2297 uptun,
222 2219 274 2277 rim
289 2238 297 2276 ι
326 2229 374 2285 aut
396 2215 470 2287 certe
488 2234 666 2295 numquam,
692 2216 780 2275 ²5nis1
799 2215 917 2289 divine,
936 2218 1094 2296 cogitasse:

1008 2312 1098 2375 eaque

253 2464 291 2508 24.
307 2448 410 2513 Quorum
416 2448 505 2509 societas
516 2450 541 2501 dy-
548 2450 652 2512 scelerate
664 2449 798 2511 consmfionis
803 2450 880 2511 fider]
899 2448 996 2506 Castior·
1012 2450 1094 2501 omui·

221 2524 256 2558 no
266 2511 447 2576 elegantiorque
456 2513 554 2576 antiqua
564 2512 636 2562 lertio
648 2511 694 2570 est,
710 2512 724 2561 a
735 2529 774 2561 me
784 2512 887 2563 restituta
898 2544 906 2570 ,
921 2527 974 2577 quae
979 2516 1091 2575 societatis

219 2573 306 2622 habet:
322 2585 347 2622 ut
357 2574 438 2640 postea
449 2574 472 2624 se
481 2575 546 2640 quasi
556 2576 671 2639 corrigat,
688 2577 730 2640 qui
740 2575 876 2625 societatem
894 2576 1023 2640 appellarit
1034 2592 1093 2626 eon·

220 2635 313 2687 sensum
324 2640 350 2687 δι
361 2639 492 2687 coitionem
503 2653 599 2688 eorum:
615 2653 670 2687 cum
680 2640 757 2702 potius
768 2640 878 2687 scelerata
887 2642 913 2689 &
926 2638 1020 2688 nefaria
1034 2655 1093 2689 con·

222 2697 298 2748 senso
309 2700 450 2765 appellanda
461 2700 497 2751 sit.
529 2701 603 2751 fidem
614 2714 692 2750 autem
703 2701 819 2750 societatis
831 2701 887 2749 dicit
898 2735 906 2758 ,
919 2703 975 2766 quia
986 2704 1026 2751 illi
1037 2718 1092 2753 cum

149 2794 152 2799 .
222 2760 271 2816 fide
286 2778 337 2827 que
347 2765 511 2828 cogitaverant
521 2777 629 2814 texerunt
651 2767 676 2814 bt
687 2764 767 2826 postea
780 2778 939 2815 exercuerunt.
957 2768 1040 2814 Vitior-

254 2841 294 2883 25·
311 2826 359 2884 Nifi
368 2827 564 2890 diw'ne'cogieaffi.]
574 2826 788 2884 Tornaefiano,die.
801 2825 989 2877 fortaffecicero
995 2827 1093 2894 scripsit,

218 2886 264 2951 pie'.
285 2904 433 2953 quamquam
447 2904 536 2940 veteres
556 2891 647 2947 etiam,
667 2893 748 2948 dium,
774 2891 881 2940 dicebant
897 2905 960 3001 fico,
976 2894 1091 2943 divim,

221 2949 286 3008 uude
297 2951 369 3009 illud,
380 2953 533 3013 sententiatim
546 2957 636 3002 caronis.
653 2951 740 3003 Bosrus.
774 2959 833 3003 Non
847 2955 897 3003 inte
917 2954 966 3002 exit
978 2953 1044 3004 hunc
1053 2955 1092 3004 lo·

219 3028 276 3069 eum
292 3013 396 3073 Bosrua3
418 3015 504 3063 Divina*
523 3017 619 3079 cogitaffe
634 3015 667 3065 est
689 3016 804 3080 quidquid
825 3017 928 3079 cogitavi
950 3031 1093 3069 eventurum

220 3075 280 3134 effe,
296 3078 377 3142 postea
386 3076 494 3128 evenisse.
527 3077 648 3145 Quidquid
660 3081 742 3128 animo
752 3079 859 3144 prospexi
869 3079 973 3128 futurum
987 3115 995 3137 ,
1018 3080 1044 3131 id
1055 3094 1094 3129 ao-

221 3139 308 3191 cidiffe.
342 3145 428 3190 Divini
443 3141 688 3200 suntvates,futu1a
705 3143 862 3205 praedicentes.
885 3147 958 3192 Mart.
982 3151 1033 3191 Nou
1042 3145 1094 3203 sm

223 3203 327 3259 divinus,
339 3206 378 3264 sed
390 3207 434 3264 fcio
448 3207 502 3266 quid
514 3205 594 3262 facias.
613 3205 681 3268 Apud
692 3208 744 3256 Liv.
755 3206 796 3254 lib.
805 3220 824 3255 1.
847 3205 989 3269 Tarquinius
1006 3206 1093 3257 Priscus

222 3264 255 3318 ad
267 3267 358 3314 Attium
370 3268 487 3316 Navium:
503 3273 539 3315 Ex
549 3287 570 3314 eo
582 3272 618 3314 ira
628 3273 672 3331 regi
682 3283 758 3324 mora,
778 3271 904 3332 eludensque
917 3282 988 3314 artem
1000 3303 1009 3325 ,
1022 3283 1051 3316 ut
1057 3269 1095 3329 fe·

225 3341 289 3387 runt,
305 3331 411 3391 agedum,
428 3334 518 3393 inquit,
534 3331 610 3378 divine*
627 3344 652 3378 tu
667 3335 772 3393 inaugura
782 3365 790 3388 ,
802 3332 854 3392 fieri
869 3349 894 3378 ne
907 3330 967 3394 poffit
984 3334 1045 3395 quod
1060 3348 1094 3396 ege

223 3407 279 3437 nunc
289 3406 356 3440 mente
365 3396 463 3455 concipio,
495 3398 588 3446 Petron.
603 3400 674 3462 ng,
691 3397 794 3459 inquam,
810 3408 878 3440 muter
891 3397 998 3458 numquid
1003 3397 1050 3455 seis
1060 3396 1097 3443 ube'

220 3469 256 3519 ego
267 3452 376 3505 habitem?
393 3458 507 3506 Delellute
517 3458 559 3507 ille
569 3458 689 3508 urbanitate
700 3471 746 3509 ratu
756 3458 840 3521 stulta:
858 3459 884 3512 (a
893 3493 901 3519 ‚
910 3458 976 3523 Qiu
986 3459 1097 3522 nescim,

218 3556 221 3561 .
1059 3539 1095 3575 ru·
