<?xml version="1.0" encoding="UTF-8"?>
<!DOCTYPE html PUBLIC "-//W3C//DTD XHTML 1.0 Transitional//EN"
    "http://www.w3.org/TR/xhtml1/DTD/xhtml1-transitional.dtd">
<html xmlns="http://www.w3.org/1999/xhtml" xml:lang="en" lang="en">
 <head>
  <title>
</title>
<meta http-equiv="Content-Type" content="text/html;charset=utf-8" />
  <meta name='ocr-system' content='tesseract 3.04.00' />
  <meta name='ocr-capabilities' content='ocr_page ocr_carea ocr_par ocr_line ocrx_word'/>
</head>
<body>
  <div class='ocr_page' id='page_1' title='image "./marcitulliicice04pedigoog_0599.png"; bbox 0 0 2296 3900; ppageno 0'>
   <div class='ocr_carea' id='block_1_1' title="bbox 9 39 960 183">
    <p class='ocr_par' dir='ltr' id='par_1_1' title="bbox 9 39 960 183">
     <span class='ocr_line' id='line_1_1' title="bbox 9 39 960 183; baseline 0.016 -31"><span class='ocrx_word' id='word_1_1' title='bbox 9 39 18 173; x_wconf 61' lang='grc' dir='ltr'>Ι</span> <span class='ocrx_word' id='word_1_2' title='bbox 221 87 795 164; x_wconf 75' lang='lat' dir='ltr'>Lrsensrtcunnus.</span> <span class='ocrx_word' id='word_1_3' title='bbox 877 99 960 183; x_wconf 89' lang='lat'>2085</span> 
     </span>
    </p>
   </div>
   <div class='ocr_carea' id='block_1_2' title="bbox 9 196 1067 2392">
    <p class='ocr_par' dir='ltr' id='par_1_2' title="bbox 9 196 1067 2392">
     <span class='ocr_line' id='line_1_2' title="bbox 9 196 957 277; baseline -0.001 -18"><span class='ocrx_word' id='word_1_4' title='bbox 9 270 12 277; x_wconf 25' lang='lat'>¹</span> <span class='ocrx_word' id='word_1_5' title='bbox 72 197 230 277; x_wconf 78' lang='lat' dir='ltr'>Pompeius</span> <span class='ocrx_word' id='word_1_6' title='bbox 243 201 334 260; x_wconf 90' lang='lat' dir='ltr'>noster</span> <span class='ocrx_word' id='word_1_7' title='bbox 349 202 377 259; x_wconf 90' lang='lat' dir='ltr'>in</span> <span class='ocrx_word' id='word_1_8' title='bbox 394 200 514 260; x_wconf 89' lang='lat' dir='ltr'>amicitia</span> <span class='ocrx_word' id='word_1_9' title='bbox 528 196 557 259; x_wconf 87' lang='lat' dir='ltr'>P.</span> <span class='ocrx_word' id='word_1_10' title='bbox 573 200 687 259; x_wconf 88' lang='lat' dir='ltr'>Lentuli</span> <span class='ocrx_word' id='word_1_11' title='bbox 703 201 895 276; x_wconf 84' lang='lat' dir='ltr'><strong>vituperatur,</strong></span> <span class='ocrx_word' id='word_1_12' title='bbox 926 207 957 266; x_wconf 89' lang='lat'>&amp;</span> 
     </span>
     <span class='ocr_line' id='line_1_3' title="bbox 9 275 956 351; baseline 0.004 -15"><span class='ocrx_word' id='word_1_13' title='bbox 9 284 30 309; x_wconf 78' lang='lat'>²·</span> <span class='ocrx_word' id='word_1_14' title='bbox 73 275 191 336; x_wconf 73' lang='lat' dir='ltr'>hercule</span> <span class='ocrx_word' id='word_1_15' title='bbox 214 295 273 336; x_wconf 89' lang='lat' dir='ltr'>non</span> <span class='ocrx_word' id='word_1_16' title='bbox 300 277 336 335; x_wconf 88' lang='lat' dir='ltr'>est</span> <span class='ocrx_word' id='word_1_17' title='bbox 350 277 435 336; x_wconf 87' lang='lat' dir='ltr'>idem.</span> <span class='ocrx_word' id='word_1_18' title='bbox 473 293 538 334; x_wconf 91' lang='lat' dir='ltr'>nam</span> <span class='ocrx_word' id='word_1_19' title='bbox 559 275 632 351; x_wconf 91' lang='lat' dir='ltr'>apud</span> <span class='ocrx_word' id='word_1_20' title='bbox 653 277 726 335; x_wconf 89' lang='lat' dir='ltr'>illam</span> <span class='ocrx_word' id='word_1_21' title='bbox 751 276 956 351; x_wconf 88' lang='lat' dir='ltr'>perditiffimam</span> 
     </span>
     <span class='ocr_line' id='line_1_4' title="bbox 9 348 956 428; baseline 0.006 -19"><span class='ocrx_word' id='word_1_22' title='bbox 9 348 13 357; x_wconf 87' lang='lat'>&#39;</span> <span class='ocrx_word' id='word_1_23' title='bbox 76 365 104 410; x_wconf 85' lang='lat' dir='ltr'>at</span> <span class='ocrx_word' id='word_1_24' title='bbox 126 372 163 412; x_wconf 91' lang='lat' dir='ltr'>ue</span> <span class='ocrx_word' id='word_1_25' title='bbox 176 352 303 413; x_wconf 86' lang='lat' dir='ltr'>infimam</span> <span class='ocrx_word' id='word_1_26' title='bbox 318 354 420 412; x_wconf 83' lang='lat' dir='ltr'>faecem</span> <span class='ocrx_word' id='word_1_27' title='bbox 434 352 549 428; x_wconf 91' lang='lat' dir='ltr'>populi,</span> <span class='ocrx_word' id='word_1_28' title='bbox 588 364 681 426; x_wconf 88' lang='lat' dir='ltr'>ropter</span> <span class='ocrx_word' id='word_1_29' title='bbox 705 352 843 411; x_wconf 79' lang='lat' dir='ltr'><strong>Milonem</strong></span> <span class='ocrx_word' id='word_1_30' title='bbox 867 394 875 422; x_wconf 92' lang='lat'>,</span> <span class='ocrx_word' id='word_1_31' title='bbox 895 354 956 415; x_wconf 88' lang='lat' dir='ltr'>sub·</span> 
     </span>
     <span class='ocr_line' id='line_1_5' title="bbox 79 370 954 504; baseline 0.003 -18.778"><span class='ocrx_word' id='word_1_32' title='bbox 79 371 215 501; x_wconf 58' lang='lat' dir='ltr'>asendit:</span> <span class='ocrx_word' id='word_1_33' title='bbox 237 430 266 487; x_wconf 90' lang='lat'>&amp;</span> <span class='ocrx_word' id='word_1_34' title='bbox 281 429 346 488; x_wconf 91' lang='lat' dir='ltr'>boni</span> <span class='ocrx_word' id='word_1_35' title='bbox 363 429 448 487; x_wconf 82' lang='lat' dir='ltr'>&#39;multa</span> <span class='ocrx_word' id='word_1_36' title='bbox 463 429 495 486; x_wconf 85' lang='lat' dir='ltr'>ab</span> <span class='ocrx_word' id='word_1_37' title='bbox 511 445 545 485; x_wconf 89' lang='lat' dir='ltr'>eo</span> <span class='ocrx_word' id='word_1_38' title='bbox 561 370 714 486; x_wconf 60' lang='lat' dir='ltr'>desiderant</span> <span class='ocrx_word' id='word_1_39' title='bbox 731 471 739 496; x_wconf 93' lang='lat'>,</span> <span class='ocrx_word' id='word_1_40' title='bbox 760 429 845 486; x_wconf 93' lang='lat' dir='ltr'>multa</span> <span class='ocrx_word' id='word_1_41' title='bbox 861 446 954 504; x_wconf 90' lang='lat' dir='ltr'>repre-</span> 
     </span>
     <span class='ocr_line' id='line_1_6' title="bbox 9 501 951 582; baseline 0.007 -21"><span class='ocrx_word' id='word_1_42' title='bbox 9 526 18 537; x_wconf 94' lang='lat'><em>·</em></span> <span class='ocrx_word' id='word_1_43' title='bbox 78 501 214 564; x_wconf 90' lang='lat' dir='ltr'>hendunt.</span> <span class='ocrx_word' id='word_1_44' title='bbox 234 504 410 563; x_wconf 85' lang='lat' dir='ltr'>Marcellinus</span> <span class='ocrx_word' id='word_1_45' title='bbox 426 516 521 563; x_wconf 87' lang='lat' dir='ltr'>autem</span> <span class='ocrx_word' id='word_1_46' title='bbox 535 504 590 561; x_wconf 92' lang='lat' dir='ltr'>hoc</span> <span class='ocrx_word' id='word_1_47' title='bbox 605 521 663 563; x_wconf 91' lang='lat' dir='ltr'>uno</span> <span class='ocrx_word' id='word_1_48' title='bbox 680 505 747 562; x_wconf 91' lang='lat' dir='ltr'>mihi</span> <span class='ocrx_word' id='word_1_49' title='bbox 762 503 875 582; x_wconf 90' lang='lat' dir='ltr'>quidem</span> <span class='ocrx_word' id='word_1_50' title='bbox 892 524 951 568; x_wconf 92' lang='lat' dir='ltr'>non</span> 
     </span>
     <span class='ocr_line' id='line_1_7' title="bbox 9 576 952 661; baseline 0.004 -25"><span class='ocrx_word' id='word_1_51' title='bbox 9 652 18 661; x_wconf 44' lang='grc'><strong>,</strong></span> <span class='ocrx_word' id='word_1_52' title='bbox 80 576 224 651; x_wconf 76' lang='lat' dir='ltr'>satisfacit,</span> <span class='ocrx_word' id='word_1_53' title='bbox 244 580 321 657; x_wconf 86' lang='lat' dir='ltr'>qubd</span> <span class='ocrx_word' id='word_1_54' title='bbox 345 598 409 639; x_wconf 91' lang='lat' dir='ltr'>eum</span> <span class='ocrx_word' id='word_1_55' title='bbox 434 581 516 639; x_wconf 90' lang='lat' dir='ltr'>nimis</span> <span class='ocrx_word' id='word_1_56' title='bbox 537 578 627 655; x_wconf 76' lang='lat' dir='ltr'>aspere</span> <span class='ocrx_word' id='word_1_57' title='bbox 649 579 760 643; x_wconf 70' lang='lat' dir='ltr'>traslat:</span> <span class='ocrx_word' id='word_1_58' title='bbox 781 596 952 657; x_wconf 90' lang='lat' dir='ltr'>quamquam</span> 
     </span>
     <span class='ocr_line' id='line_1_8' title="bbox 9 654 953 731; baseline 0.004 -19"><span class='ocrx_word' id='word_1_59' title='bbox 9 680 18 689; x_wconf 93' lang='lat'><em>·</em></span> <span class='ocrx_word' id='word_1_60' title='bbox 81 654 107 714; x_wconf 94' lang='lat' dir='ltr'>id</span> <span class='ocrx_word' id='word_1_61' title='bbox 119 657 216 716; x_wconf 88' lang='lat' dir='ltr'>senatu</span> <span class='ocrx_word' id='word_1_62' title='bbox 229 675 289 715; x_wconf 93' lang='lat' dir='ltr'>non</span> <span class='ocrx_word' id='word_1_63' title='bbox 303 658 392 715; x_wconf 89' lang='lat' dir='ltr'>invito</span> <span class='ocrx_word' id='word_1_64' title='bbox 407 656 487 714; x_wconf 89' lang='lat' dir='ltr'>facit:</span> <span class='ocrx_word' id='word_1_65' title='bbox 508 673 566 731; x_wconf 91' lang='lat' dir='ltr'>quo</span> <span class='ocrx_word' id='word_1_66' title='bbox 579 673 633 730; x_wconf 86' lang='lat' dir='ltr'>ego</span> <span class='ocrx_word' id='word_1_67' title='bbox 649 673 695 714; x_wconf 88' lang='lat' dir='ltr'>me</span> <span class='ocrx_word' id='word_1_68' title='bbox 709 655 834 715; x_wconf 82' lang='lat' dir='ltr'>libentilrs</span> <span class='ocrx_word' id='word_1_69' title='bbox 848 657 863 714; x_wconf 78' lang='lat' dir='ltr'>a</span> <span class='ocrx_word' id='word_1_70' title='bbox 880 658 953 716; x_wconf 85' lang='lat' dir='ltr'>curia</span> 
     </span>
     <span class='ocr_line' id='line_1_9' title="bbox 9 731 951 808; baseline 0.001 -18"><span class='ocrx_word' id='word_1_71' title='bbox 9 754 20 763; x_wconf 94' lang='lat'>·</span> <span class='ocrx_word' id='word_1_72' title='bbox 82 731 110 790; x_wconf 78' lang='lat' dir='ltr'>dc</span> <span class='ocrx_word' id='word_1_73' title='bbox 123 734 158 791; x_wconf 89' lang='lat' dir='ltr'>ab</span> <span class='ocrx_word' id='word_1_74' title='bbox 174 734 254 793; x_wconf 91' lang='lat' dir='ltr'>omni</span> <span class='ocrx_word' id='word_1_75' title='bbox 269 745 343 807; x_wconf 91' lang='lat' dir='ltr'>parte</span> <span class='ocrx_word' id='word_1_76' title='bbox 357 732 513 806; x_wconf 80' lang='lat' dir='ltr'>reipublicae</span> <span class='ocrx_word' id='word_1_77' title='bbox 526 731 662 790; x_wconf 80' lang='lat' dir='ltr'><strong>subtraho.</strong></span> <span class='ocrx_word' id='word_1_78' title='bbox 692 734 733 790; x_wconf 90' lang='lat' dir='ltr'>ln</span> <span class='ocrx_word' id='word_1_79' title='bbox 744 732 853 808; x_wconf 87' lang='lat' dir='ltr'>judiciis</span> <span class='ocrx_word' id='word_1_80' title='bbox 874 733 893 791; x_wconf 91' lang='lat' dir='ltr'>ii</span> <span class='ocrx_word' id='word_1_81' title='bbox 908 733 951 792; x_wconf 88' lang='lat' dir='ltr'>su·</span> 
     </span>
     <span class='ocr_line' id='line_1_10' title="bbox 81 807 950 886; baseline 0.001 -19"><span class='ocrx_word' id='word_1_82' title='bbox 81 822 158 878; x_wconf 86' lang='lat' dir='ltr'>mus,</span> <span class='ocrx_word' id='word_1_83' title='bbox 178 810 226 886; x_wconf 94' lang='lat' dir='ltr'>qui</span> <span class='ocrx_word' id='word_1_84' title='bbox 248 809 357 867; x_wconf 89' lang='lat' dir='ltr'>fuimus.</span> <span class='ocrx_word' id='word_1_85' title='bbox 397 807 497 866; x_wconf 90' lang='lat' dir='ltr'>domus</span> <span class='ocrx_word' id='word_1_86' title='bbox 517 808 690 875; x_wconf 90' lang='lat' dir='ltr'>celebratur,</span> <span class='ocrx_word' id='word_1_87' title='bbox 712 809 748 865; x_wconf 88' lang='lat' dir='ltr'>ita</span> <span class='ocrx_word' id='word_1_88' title='bbox 765 821 795 866; x_wconf 93' lang='lat' dir='ltr'>ut</span> <span class='ocrx_word' id='word_1_89' title='bbox 810 807 875 867; x_wconf 75' lang='lat' dir='ltr'>cum</span> <span class='ocrx_word' id='word_1_90' title='bbox 890 826 950 869; x_wconf 90' lang='lat' dir='ltr'>ma·</span> 
     </span>
     <span class='ocr_line' id='line_1_11' title="bbox 9 878 1067 959; baseline 0.003 -18"><span class='ocrx_word' id='word_1_91' title='bbox 9 888 13 915; x_wconf 81' lang='lat'>²</span> <span class='ocrx_word' id='word_1_92' title='bbox 80 883 164 943; x_wconf 80' lang='lat' dir='ltr'>ximd.</span> <span class='ocrx_word' id='word_1_93' title='bbox 205 888 301 943; x_wconf 91' lang='lat' dir='ltr'>Unum</span> <span class='ocrx_word' id='word_1_94' title='bbox 320 885 419 943; x_wconf 88' lang='lat' dir='ltr'>accidit</span> <span class='ocrx_word' id='word_1_95' title='bbox 438 883 622 959; x_wconf 72' lang='lat' dir='ltr'>imprudentis</span> <span class='ocrx_word' id='word_1_96' title='bbox 636 883 750 941; x_wconf 87' lang='lat' dir='ltr'>Milonis</span> <span class='ocrx_word' id='word_1_97' title='bbox 771 885 970 945; x_wconf 66' lang='lat' dir='ltr'>marcomiro-t</span> <span class='ocrx_word' id='word_1_98' title='bbox 985 878 1067 935; x_wconf 77' lang='lat' dir='ltr'>socom</span> 
     </span>
     <span class='ocr_line' id='line_1_12' title="bbox 9 942 1059 1052; baseline 0.005 -35"><span class='ocrx_word' id='word_1_99' title='bbox 9 954 26 991; x_wconf 76' lang='lat'>²</span> <span class='ocrx_word' id='word_1_100' title='bbox 77 958 110 1018; x_wconf 78' lang='lat' dir='ltr'>dd</span> <span class='ocrx_word' id='word_1_101' title='bbox 139 972 165 1015; x_wconf 85' lang='lat'>3¹</span> <span class='ocrx_word' id='word_1_102' title='bbox 180 959 215 1019; x_wconf 93' lang='lat' dir='ltr'>de</span> <span class='ocrx_word' id='word_1_103' title='bbox 232 961 259 1018; x_wconf 86' lang='lat' dir='ltr'>S.</span> <span class='ocrx_word' id='word_1_104' title='bbox 273 960 365 1018; x_wconf 89' lang='lat' dir='ltr'>Coelio</span> <span class='ocrx_word' id='word_1_105' title='bbox 382 980 389 1018; x_wconf 79' lang='lat' dir='ltr'>a</span> <span class='ocrx_word' id='word_1_106' title='bbox 410 978 494 1035; x_wconf 91' lang='lat' dir='ltr'>quem</span> <span class='ocrx_word' id='word_1_107' title='bbox 510 977 602 1046; x_wconf 86' lang='lat' dir='ltr'>neque</span> <span class='ocrx_word' id='word_1_108' title='bbox 615 960 671 1018; x_wconf 93' lang='lat' dir='ltr'>hoc</span> <span class='ocrx_word' id='word_1_109' title='bbox 684 971 836 1034; x_wconf 91' lang='lat' dir='ltr'>tempore,</span> <span class='ocrx_word' id='word_1_110' title='bbox 856 979 948 1039; x_wconf 87' lang='lat' dir='ltr'>neque</span> <span class='ocrx_word' id='word_1_111' title='bbox 958 942 1059 1052; x_wconf 58' lang='lat' dir='ltr'>ffidm</span> 
     </span>
     <span class='ocr_line' id='line_1_13' title="bbox 76 1010 1055 1114; baseline 0.003 -20"><span class='ocrx_word' id='word_1_112' title='bbox 76 1035 108 1095; x_wconf 88' lang='lat' dir='ltr'>ab</span> <span class='ocrx_word' id='word_1_113' title='bbox 124 1036 269 1096; x_wconf 89' lang='lat' dir='ltr'>imbecillis</span> <span class='ocrx_word' id='word_1_114' title='bbox 282 1035 479 1094; x_wconf 90' lang='lat' dir='ltr'>accusatoribus</span> <span class='ocrx_word' id='word_1_115' title='bbox 495 1036 563 1093; x_wconf 90' lang='lat' dir='ltr'>miht</span> <span class='ocrx_word' id='word_1_116' title='bbox 595 1036 678 1093; x_wconf 90' lang='lat' dir='ltr'>lacuit</span> <span class='ocrx_word' id='word_1_117' title='bbox 690 1037 814 1095; x_wconf 89' lang='lat' dir='ltr'>accusari.</span> <span class='ocrx_word' id='word_1_118' title='bbox 855 1039 880 1096; x_wconf 93' lang='lat' dir='ltr'>ei</span> <span class='ocrx_word' id='word_1_119' title='bbox 894 1051 947 1098; x_wconf 91' lang='lat' dir='ltr'>tres</span> <span class='ocrx_word' id='word_1_120' title='bbox 956 1042 1011 1114; x_wconf 59' lang='lat' dir='ltr'>,ps</span> <span class='ocrx_word' id='word_1_121' title='bbox 1029 1010 1055 1061; x_wconf 48' lang='grc' dir='ltr'><strong><em>θ</em></strong></span> 
     </span>
     <span class='ocr_line' id='line_1_14' title="bbox 73 1053 1066 1191; baseline 0.006 -23"><span class='ocrx_word' id='word_1_122' title='bbox 73 1110 222 1171; x_wconf 87' lang='lat' dir='ltr'>sententiae</span> <span class='ocrx_word' id='word_1_123' title='bbox 247 1113 427 1170; x_wconf 77' lang='lat' dir='ltr'>vtaeterrimae</span> <span class='ocrx_word' id='word_1_124' title='bbox 452 1112 482 1169; x_wconf 90' lang='lat' dir='ltr'>in</span> <span class='ocrx_word' id='word_1_125' title='bbox 511 1053 626 1170; x_wconf 65' lang='lat' dir='ltr'>consilio</span> <span class='ocrx_word' id='word_1_126' title='bbox 652 1111 806 1170; x_wconf 88' lang='lat' dir='ltr'>defuerunt.</span> <span class='ocrx_word' id='word_1_127' title='bbox 849 1112 972 1191; x_wconf 71' lang='lat' dir='ltr'>Itaquev</span> <span class='ocrx_word' id='word_1_128' title='bbox 988 1106 1066 1184; x_wconf 64' lang='lat' dir='ltr'>deren</span> 
     </span>
     <span class='ocr_line' id='line_1_15' title="bbox 9 1184 1023 1269; baseline 0.001 -22"><span class='ocrx_word' id='word_1_129' title='bbox 9 1241 12 1247; x_wconf 90' lang='lat'>.</span> <span class='ocrx_word' id='word_1_130' title='bbox 38 1260 43 1265; x_wconf 91' lang='lat'>.</span> <span class='ocrx_word' id='word_1_131' title='bbox 70 1184 225 1247; x_wconf 85' lang='lat' dir='ltr'>bominem</span> <span class='ocrx_word' id='word_1_132' title='bbox 246 1189 362 1264; x_wconf 90' lang='lat' dir='ltr'>populus</span> <span class='ocrx_word' id='word_1_133' title='bbox 383 1199 521 1255; x_wconf 90' lang='lat' dir='ltr'>revocat,</span> <span class='ocrx_word' id='word_1_134' title='bbox 548 1188 578 1244; x_wconf 92' lang='lat'>&amp;</span> <span class='ocrx_word' id='word_1_135' title='bbox 600 1188 749 1245; x_wconf 82' lang='lat' dir='ltr'>retrahatur</span> <span class='ocrx_word' id='word_1_136' title='bbox 771 1187 878 1248; x_wconf 82' lang='lat' dir='ltr'>necesse</span> <span class='ocrx_word' id='word_1_137' title='bbox 900 1191 1023 1269; x_wconf 57' lang='lat' dir='ltr'>eticae</span> 
     </span>
     <span class='ocr_line' id='line_1_16' title="bbox 9 1256 1033 1339; baseline 0.003 -16"><span class='ocrx_word' id='word_1_138' title='bbox 9 1256 22 1295; x_wconf 75' lang='lat'>²</span> <span class='ocrx_word' id='word_1_139' title='bbox 69 1265 228 1325; x_wconf 88' lang='lat' dir='ltr'>nonenim</span> <span class='ocrx_word' id='word_1_140' title='bbox 242 1265 356 1322; x_wconf 82' lang='lat' dir='ltr'>¹ferunt</span> <span class='ocrx_word' id='word_1_141' title='bbox 373 1264 510 1322; x_wconf 89' lang='lat' dir='ltr'>homiues.</span> <span class='ocrx_word' id='word_1_142' title='bbox 549 1265 579 1321; x_wconf 91' lang='lat'>&amp;</span> <span class='ocrx_word' id='word_1_143' title='bbox 600 1263 663 1338; x_wconf 90' lang='lat' dir='ltr'>quia</span> <span class='ocrx_word' id='word_1_144' title='bbox 680 1306 689 1333; x_wconf 95' lang='lat'>,</span> <span class='ocrx_word' id='word_1_145' title='bbox 709 1261 772 1321; x_wconf 82' lang='lat' dir='ltr'>clun</span> <span class='ocrx_word' id='word_1_146' title='bbox 798 1264 870 1339; x_wconf 92' lang='lat' dir='ltr'>apud</span> <span class='ocrx_word' id='word_1_147' title='bbox 884 1265 973 1327; x_wconf 81' lang='lat' dir='ltr'>suos¹</span> <span class='ocrx_word' id='word_1_148' title='bbox 988 1259 1033 1306; x_wconf 70' lang='lat'>‘¹¹¹&#39;</span> 
     </span>
     <span class='ocr_line' id='line_1_17' title="bbox 9 1316 1058 1417; baseline 0 -18"><span class='ocrx_word' id='word_1_149' title='bbox 9 1332 20 1369; x_wconf 59' lang='grc' dir='ltr'><strong><em>Ε</em></strong></span> <span class='ocrx_word' id='word_1_150' title='bbox 67 1340 205 1409; x_wconf 86' lang='lat' dir='ltr'>diceret,</span> <span class='ocrx_word' id='word_1_151' title='bbox 232 1340 312 1415; x_wconf 70' lang='lat' dir='ltr'>paene</span> <span class='ocrx_word' id='word_1_152' title='bbox 333 1339 477 1398; x_wconf 89' lang='lat' dir='ltr'>damnatus</span> <span class='ocrx_word' id='word_1_153' title='bbox 492 1337 553 1407; x_wconf 84' lang='lat' dir='ltr'>est,</span> <span class='ocrx_word' id='word_1_154' title='bbox 579 1337 675 1397; x_wconf 87' lang='lat' dir='ltr'>vident</span> <span class='ocrx_word' id='word_1_155' title='bbox 696 1338 867 1417; x_wconf 84' lang='lat' dir='ltr'>damnatum.</span> <span class='ocrx_word' id='word_1_156' title='bbox 903 1316 1058 1403; x_wconf 60' lang='lat' dir='ltr'>Eaffi‘mn‘·</span> 
     </span>
     <span class='ocr_line' id='line_1_18' title="bbox 66 1412 1041 1491; baseline 0.003 -15.834"><span class='ocrx_word' id='word_1_157' title='bbox 66 1415 130 1491; x_wconf 90' lang='lat' dir='ltr'>ipsa</span> <span class='ocrx_word' id='word_1_158' title='bbox 149 1417 181 1475; x_wconf 93' lang='lat' dir='ltr'>in</span> <span class='ocrx_word' id='word_1_159' title='bbox 204 1433 233 1475; x_wconf 94' lang='lat' dir='ltr'>re</span> <span class='ocrx_word' id='word_1_160' title='bbox 253 1416 380 1490; x_wconf 80' lang='lat' dir='ltr'>Pompeji</span> <span class='ocrx_word' id='word_1_161' title='bbox 402 1412 520 1473; x_wconf 86' lang='lat' dir='ltr'>offenfio</span> <span class='ocrx_word' id='word_1_162' title='bbox 542 1414 620 1473; x_wconf 92' lang='lat' dir='ltr'>nobis</span> <span class='ocrx_word' id='word_1_163' title='bbox 641 1413 749 1473; x_wconf 90' lang='lat' dir='ltr'>obstitit.</span> <span class='ocrx_word' id='word_1_164' title='bbox 784 1415 944 1478; x_wconf 87' lang='lat' dir='ltr'>senatorum</span> <span class='ocrx_word' id='word_1_165' title='bbox 1033 1416 1041 1433; x_wconf 86' lang='lat'>&#39;</span> 
     </span>
     <span class='ocr_line' id='line_1_19' title="bbox 9 1490 946 1571; baseline 0.004 -20"><span class='ocrx_word' id='word_1_166' title='bbox 9 1514 17 1571; x_wconf 68' lang='lat' dir='ltr'><strong>j</strong></span> <span class='ocrx_word' id='word_1_167' title='bbox 67 1494 153 1551; x_wconf 89' lang='lat' dir='ltr'>enirn</span> <span class='ocrx_word' id='word_1_168' title='bbox 168 1509 235 1552; x_wconf 93' lang='lat' dir='ltr'>urna</span> <span class='ocrx_word' id='word_1_169' title='bbox 251 1490 362 1566; x_wconf 72' lang='lat' dir='ltr'>copiose</span> <span class='ocrx_word' id='word_1_170' title='bbox 376 1490 505 1558; x_wconf 84' lang='lat' dir='ltr'>absolvit,</span> <span class='ocrx_word' id='word_1_171' title='bbox 525 1490 651 1566; x_wconf 89' lang='lat' dir='ltr'>equiturn</span> <span class='ocrx_word' id='word_1_172' title='bbox 666 1490 839 1567; x_wconf 87' lang='lat' dir='ltr'>adaequavit,</span> <span class='ocrx_word' id='word_1_173' title='bbox 860 1494 946 1555; x_wconf 90' lang='lat' dir='ltr'>tribu-</span> 
     </span>
     <span class='ocr_line' id='line_1_20' title="bbox 9 1565 946 1630; baseline 0.003 -3"><span class='ocrx_word' id='word_1_174' title='bbox 9 1588 18 1599; x_wconf 91' lang='lat'><strong>·</strong></span> <span class='ocrx_word' id='word_1_175' title='bbox 66 1568 101 1627; x_wconf 83' lang='lat' dir='ltr'>ni</span> <span class='ocrx_word' id='word_1_176' title='bbox 118 1569 207 1627; x_wconf 85' lang='lat' dir='ltr'>aerarii</span> <span class='ocrx_word' id='word_1_177' title='bbox 221 1567 448 1627; x_wconf 89' lang='lat' dir='ltr'>condemnarunt.</span> <span class='ocrx_word' id='word_1_178' title='bbox 487 1565 540 1625; x_wconf 90' lang='lat' dir='ltr'>Sed</span> <span class='ocrx_word' id='word_1_179' title='bbox 561 1566 616 1624; x_wconf 93' lang='lat' dir='ltr'>hoc</span> <span class='ocrx_word' id='word_1_180' title='bbox 636 1567 851 1627; x_wconf 84' lang='lat' dir='ltr'>incommodum</span> <span class='ocrx_word' id='word_1_181' title='bbox 875 1588 946 1630; x_wconf 91' lang='lat' dir='ltr'>con-</span> 
     </span>
     <span class='ocr_line' id='line_1_21' title="bbox 9 1641 1067 1722; baseline 0.002 -19"><span class='ocrx_word' id='word_1_182' title='bbox 9 1644 33 1715; x_wconf 57' lang='lat'>·[</span> <span class='ocrx_word' id='word_1_183' title='bbox 68 1643 194 1704; x_wconf 79' lang='lat' dir='ltr'>solantur</span> <span class='ocrx_word' id='word_1_184' title='bbox 207 1643 377 1720; x_wconf 79' lang='lat' dir='ltr'>quotidianae</span> <span class='ocrx_word' id='word_1_185' title='bbox 393 1641 583 1700; x_wconf 84' lang='lat' dir='ltr'>damnationes</span> <span class='ocrx_word' id='word_1_186' title='bbox 596 1642 794 1702; x_wconf 75' lang='lat' dir='ltr'>sinimicorum</span> <span class='ocrx_word' id='word_1_187' title='bbox 810 1687 818 1713; x_wconf 93' lang='lat'><strong>,</strong></span> <span class='ocrx_word' id='word_1_188' title='bbox 838 1646 867 1704; x_wconf 94' lang='lat' dir='ltr'>in</span> <span class='ocrx_word' id='word_1_189' title='bbox 883 1648 945 1722; x_wconf 91' lang='lat' dir='ltr'>qui·</span> <span class='ocrx_word' id='word_1_190' title='bbox 955 1656 980 1704; x_wconf 76' lang='grc' dir='ltr'>Ρ.</span> <span class='ocrx_word' id='word_1_191' title='bbox 992 1667 1067 1705; x_wconf 82' lang='lat' dir='ltr'>eecxrr</span> 
     </span>
     <span class='ocr_line' id='line_1_22' title="bbox 9 1717 1066 1794; baseline 0 -16"><span class='ocrx_word' id='word_1_192' title='bbox 9 1718 18 1755; x_wconf 70' lang='lat'>²</span> <span class='ocrx_word' id='word_1_193' title='bbox 35 1718 41 1729; x_wconf 75' lang='grc'><strong>“</strong></span> <span class='ocrx_word' id='word_1_194' title='bbox 70 1718 125 1778; x_wconf 90' lang='lat' dir='ltr'>bus</span> <span class='ocrx_word' id='word_1_195' title='bbox 140 1737 187 1778; x_wconf 89' lang='lat' dir='ltr'>me</span> <span class='ocrx_word' id='word_1_196' title='bbox 200 1719 359 1794; x_wconf 91' lang='lat' dir='ltr'>perlubente</span> <span class='ocrx_word' id='word_1_197' title='bbox 374 1718 481 1775; x_wconf 91' lang='lat' dir='ltr'>Servius</span> <span class='ocrx_word' id='word_1_198' title='bbox 495 1717 579 1775; x_wconf 90' lang='lat' dir='ltr'>allisus</span> <span class='ocrx_word' id='word_1_199' title='bbox 592 1718 649 1785; x_wconf 90' lang='lat' dir='ltr'>est,</span> <span class='ocrx_word' id='word_1_200' title='bbox 670 1721 753 1778; x_wconf 88' lang='lat' dir='ltr'>ceteri</span> <span class='ocrx_word' id='word_1_201' title='bbox 767 1721 969 1782; x_wconf 73' lang='lat' dir='ltr'>²concidun-y</span> <span class='ocrx_word' id='word_1_202' title='bbox 990 1721 1066 1769; x_wconf 74' lang='lat' dir='ltr'>munit</span> 
     </span>
     <span class='ocr_line' id='line_1_23' title="bbox 9 1786 1067 1865; baseline 0.002 -11"><span class='ocrx_word' id='word_1_203' title='bbox 9 1794 14 1833; x_wconf 66' lang='grc' dir='ltr'><strong>ἵ</strong></span> <span class='ocrx_word' id='word_1_204' title='bbox 39 1820 44 1827; x_wconf 94' lang='grc'><strong><em>·</em></strong></span> <span class='ocrx_word' id='word_1_205' title='bbox 68 1806 126 1854; x_wconf 89' lang='lat' dir='ltr'>tur.</span> <span class='ocrx_word' id='word_1_206' title='bbox 165 1796 218 1854; x_wconf 82' lang='lat' dir='ltr'>¹C.</span> <span class='ocrx_word' id='word_1_207' title='bbox 240 1796 311 1853; x_wconf 88' lang='lat' dir='ltr'>Cato</span> <span class='ocrx_word' id='word_1_208' title='bbox 332 1794 513 1854; x_wconf 86' lang='lat' dir='ltr'>concionatus</span> <span class='ocrx_word' id='word_1_209' title='bbox 533 1793 719 1865; x_wconf 36' lang='lat' dir='ltr'>eil-„comitia</span> <span class='ocrx_word' id='word_1_210' title='bbox 737 1795 829 1853; x_wconf 91' lang='lat' dir='ltr'>haberi</span> <span class='ocrx_word' id='word_1_211' title='bbox 845 1786 1067 1858; x_wconf 60' lang='lat' dir='ltr'>3²non¹¹¹ms¹¹⁸⁶</span> 
     </span>
     <span class='ocr_line' id='line_1_24' title="bbox 9 1845 1067 1955; baseline 0.002 -25"><span class='ocrx_word' id='word_1_212' title='bbox 9 1874 13 1879; x_wconf 84' lang='grc'><strong>’</strong></span> <span class='ocrx_word' id='word_1_213' title='bbox 69 1869 395 1941; x_wconf 81' lang='lat' dir='ltr'>fimrum‚s1fibibcum</span> <span class='ocrx_word' id='word_1_214' title='bbox 412 1867 516 1943; x_wconf 90' lang='lat' dir='ltr'>populo</span> <span class='ocrx_word' id='word_1_215' title='bbox 533 1868 588 1926; x_wconf 92' lang='lat' dir='ltr'>dies</span> <span class='ocrx_word' id='word_1_216' title='bbox 603 1868 700 1944; x_wconf 82' lang='lat' dir='ltr'>agendi</span> <span class='ocrx_word' id='word_1_217' title='bbox 717 1867 802 1927; x_wconf 76' lang='lat' dir='ltr'>essent</span> <span class='ocrx_word' id='word_1_218' title='bbox 809 1876 940 1948; x_wconf 87' lang='lat' dir='ltr'>exempti.</span> <span class='ocrx_word' id='word_1_219' title='bbox 951 1845 1064 1955; x_wconf 48' lang='lat' dir='ltr'>{152²ssssss</span> <span class='ocrx_word' id='word_1_220' title='bbox 1066 1887 1067 1892; x_wconf 73' lang='grc'>’</span> 
     </span>
     <span class='ocr_line' id='line_1_25' title="bbox 70 1942 1064 2023; baseline 0.01 -18"><span class='ocrx_word' id='word_1_221' title='bbox 70 1947 180 2023; x_wconf 83' lang='lat' dir='ltr'>Appius</span> <span class='ocrx_word' id='word_1_222' title='bbox 195 1947 211 2005; x_wconf 77' lang='lat' dir='ltr'>i</span> <span class='ocrx_word' id='word_1_223' title='bbox 228 1946 334 2013; x_wconf 84' lang='lat' dir='ltr'>Caesare</span> <span class='ocrx_word' id='word_1_224' title='bbox 355 1945 483 2011; x_wconf 86' lang='lat' dir='ltr'>nondum</span> <span class='ocrx_word' id='word_1_225' title='bbox 506 1944 629 2019; x_wconf 84' lang='lat' dir='ltr'>redierat.</span> <span class='ocrx_word' id='word_1_226' title='bbox 652 1944 744 2003; x_wconf 85' lang='lat' dir='ltr'>¹Tuas</span> <span class='ocrx_word' id='word_1_227' title='bbox 764 1946 877 2005; x_wconf 76' lang='lat' dir='ltr'>mirifice</span> <span class='ocrx_word' id='word_1_228' title='bbox 896 1950 966 2014; x_wconf 77' lang='lat' dir='ltr'>lit-a</span> <span class='ocrx_word' id='word_1_229' title='bbox 983 1971 1026 2015; x_wconf 74' lang='lat' dir='ltr'>arii</span> <span class='ocrx_word' id='word_1_230' title='bbox 1057 1942 1064 1956; x_wconf 63' lang='lat'>⁸</span> 
     </span>
     <span class='ocr_line' id='line_1_26' title="bbox 69 2019 1024 2098; baseline -0.004 -16"><span class='ocrx_word' id='word_1_231' title='bbox 69 2034 142 2082; x_wconf 90' lang='lat' dir='ltr'>teras</span> <span class='ocrx_word' id='word_1_232' title='bbox 157 2023 283 2098; x_wconf 69' lang='lat' dir='ltr'>exspedo</span> <span class='ocrx_word' id='word_1_233' title='bbox 300 2041 307 2080; x_wconf 76' lang='grc' dir='ltr'><strong>ε</strong></span> <span class='ocrx_word' id='word_1_234' title='bbox 334 2034 362 2080; x_wconf 91' lang='lat' dir='ltr'>at</span> <span class='ocrx_word' id='word_1_235' title='bbox 383 2038 418 2079; x_wconf 88' lang='lat' dir='ltr'>ue</span> <span class='ocrx_word' id='word_1_236' title='bbox 432 2019 522 2078; x_wconf 91' lang='lat' dir='ltr'>adhuc</span> <span class='ocrx_word' id='word_1_237' title='bbox 537 2019 655 2078; x_wconf 88' lang='lat' dir='ltr'>clausum</span> <span class='ocrx_word' id='word_1_238' title='bbox 672 2037 747 2078; x_wconf 90' lang='lat' dir='ltr'>mare</span> <span class='ocrx_word' id='word_1_239' title='bbox 762 2020 818 2080; x_wconf 91' lang='lat' dir='ltr'>scio</span> <span class='ocrx_word' id='word_1_240' title='bbox 840 2021 917 2082; x_wconf 84' lang='lat' dir='ltr'>fuisse</span> <span class='ocrx_word' id='word_1_241' title='bbox 932 2032 1024 2083; x_wconf 75' lang='lat' dir='ltr'>:cato</span> 
     </span>
     <span class='ocr_line' id='line_1_27' title="bbox 72 2039 1067 2177; baseline 0.001 -20"><span class='ocrx_word' id='word_1_242' title='bbox 72 2098 120 2157; x_wconf 87' lang='lat' dir='ltr'>sed</span> <span class='ocrx_word' id='word_1_243' title='bbox 135 2099 270 2172; x_wconf 88' lang='lat' dir='ltr'>quosdam</span> <span class='ocrx_word' id='word_1_244' title='bbox 286 2039 388 2156; x_wconf 61' lang='lat' dir='ltr'>venithe</span> <span class='ocrx_word' id='word_1_245' title='bbox 401 2108 497 2155; x_wconf 91' lang='lat' dir='ltr'>tamen</span> <span class='ocrx_word' id='word_1_246' title='bbox 510 2094 607 2154; x_wconf 77' lang='lat' dir='ltr'>cottia</span> <span class='ocrx_word' id='word_1_247' title='bbox 619 2096 763 2165; x_wconf 90' lang='lat' dir='ltr'>dicebant,</span> <span class='ocrx_word' id='word_1_248' title='bbox 781 2098 828 2174; x_wconf 90' lang='lat' dir='ltr'>qui</span> <span class='ocrx_word' id='word_1_249' title='bbox 843 2088 967 2177; x_wconf 77' lang='lat' dir='ltr'>tenni-b</span> <span class='ocrx_word' id='word_1_250' title='bbox 983 2091 1067 2141; x_wconf 51' lang='grc' dir='ltr'>ΜΨ]</span> 
     </span>
     <span class='ocr_line' id='line_1_28' title="bbox 9 2156 1055 2267; baseline 0.002 -35"><span class='ocrx_word' id='word_1_251' title='bbox 9 2180 13 2217; x_wconf 85' lang='grc'>’-</span> <span class='ocrx_word' id='word_1_252' title='bbox 71 2171 106 2232; x_wconf 75' lang='lat' dir='ltr'>ed</span> <span class='ocrx_word' id='word_1_253' title='bbox 132 2173 275 2237; x_wconf 85' lang='lat' dir='ltr'>laudarent</span> <span class='ocrx_word' id='word_1_254' title='bbox 298 2174 463 2250; x_wconf 84' lang='lat' dir='ltr'>plurimique</span> <span class='ocrx_word' id='word_1_255' title='bbox 482 2173 547 2232; x_wconf 74' lang='lat' dir='ltr'>nin</span> <span class='ocrx_word' id='word_1_256' title='bbox 567 2173 710 2251; x_wconf 88' lang='lat' dir='ltr'>provincia</span> <span class='ocrx_word' id='word_1_257' title='bbox 730 2171 789 2233; x_wconf 87' lang='lat' dir='ltr'>fieri</span> <span class='ocrx_word' id='word_1_258' title='bbox 810 2173 939 2234; x_wconf 89' lang='lat' dir='ltr'>dicerent.</span> <span class='ocrx_word' id='word_1_259' title='bbox 950 2156 1055 2267; x_wconf 37' lang='lat' dir='ltr'>yffi]</span> 
     </span>
     <span class='ocr_line' id='line_1_29' title="bbox 855 2233 1037 2330; baseline 0.027 -5"><span class='ocrx_word' id='word_1_260' title='bbox 855 2251 939 2312; x_wconf 65' lang='lat' dir='ltr'>iidem</span> <span class='ocrx_word' id='word_1_261' title='bbox 952 2233 1037 2330; x_wconf 59' lang='lat' dir='ltr'>arctes</span> 
     </span>
     <span class='ocr_line' id='line_1_30' title="bbox 953 2343 1025 2392; baseline 0.028 -2"><span class='ocrx_word' id='word_1_262' title='bbox 953 2343 1025 2392; x_wconf 79' lang='lat' dir='ltr'>MSS.</span> 
     </span>
    </p>
   </div>
   <div class='ocr_carea' id='block_1_3' title="bbox 77 2374 941 2515">
    <p class='ocr_par' dir='ltr' id='par_1_3' title="bbox 77 2374 941 2515">
     <span class='ocr_line' id='line_1_31' title="bbox 77 2374 941 2515; baseline 0.003 -62"><span class='ocrx_word' id='word_1_263' title='bbox 77 2434 81 2439; x_wconf 94' lang='lat'><em>-</em></span> <span class='ocrx_word' id='word_1_264' title='bbox 103 2418 143 2461; x_wconf 80' lang='lat'>³1·</span> <span class='ocrx_word' id='word_1_265' title='bbox 158 2409 195 2450; x_wconf 86' lang='lat' dir='ltr'>De</span> <span class='ocrx_word' id='word_1_266' title='bbox 205 2404 254 2452; x_wconf 83' lang='lat' dir='ltr'>Sex.</span> <span class='ocrx_word' id='word_1_267' title='bbox 262 2404 487 2515; x_wconf 46' lang='lat' dir='ltr'>calio.gconiicitl’.</span> <span class='ocrx_word' id='word_1_268' title='bbox 495 2374 616 2455; x_wconf 76' lang='lat' dir='ltr'>Manutius</span> <span class='ocrx_word' id='word_1_269' title='bbox 627 2402 941 2467; x_wconf 74' lang='lat' dir='ltr'>clodto‚admifitqueLam·</span> 
     </span>
    </p>
   </div>
   <div class='ocr_carea' id='block_1_4' title="bbox 9 2462 946 3533">
    <p class='ocr_par' dir='ltr' id='par_1_4' title="bbox 9 2462 946 3533">
     <span class='ocr_line' id='line_1_32' title="bbox 9 2462 943 2533; baseline 0.009 -22"><span class='ocrx_word' id='word_1_270' title='bbox 9 2486 20 2511; x_wconf 85' lang='lat'>=</span> <span class='ocrx_word' id='word_1_271' title='bbox 73 2462 151 2516; x_wconf 89' lang='lat' dir='ltr'>binus.</span> <span class='ocrx_word' id='word_1_272' title='bbox 168 2464 245 2529; x_wconf 89' lang='lat' dir='ltr'>scripti</span> <span class='ocrx_word' id='word_1_273' title='bbox 262 2464 322 2515; x_wconf 85' lang='lat' dir='ltr'>stant</span> <span class='ocrx_word' id='word_1_274' title='bbox 357 2470 462 2533; x_wconf 81' lang='lat' dir='ltr'>vulgato.</span> <span class='ocrx_word' id='word_1_275' title='bbox 479 2467 516 2516; x_wconf 84' lang='lat' dir='ltr'>sed</span> <span class='ocrx_word' id='word_1_276' title='bbox 529 2467 695 2516; x_wconf 84' lang='lat' dir='ltr'>restituendum</span> <span class='ocrx_word' id='word_1_277' title='bbox 708 2469 784 2530; x_wconf 77' lang='lat' dir='ltr'>magis</span> <span class='ocrx_word' id='word_1_278' title='bbox 796 2470 875 2516; x_wconf 67' lang='lat' dir='ltr'>erario.</span> <span class='ocrx_word' id='word_1_279' title='bbox 908 2469 943 2519; x_wconf 82' lang='lat' dir='ltr'>ira</span> 
     </span>
     <span class='ocr_line' id='line_1_33' title="bbox 9 2527 944 2593; baseline 0.001 -14"><span class='ocrx_word' id='word_1_280' title='bbox 9 2544 26 2579; x_wconf 85' lang='grc' dir='ltr'>ι</span> <span class='ocrx_word' id='word_1_281' title='bbox 71 2530 137 2578; x_wconf 87' lang='lat' dir='ltr'>enim</span> <span class='ocrx_word' id='word_1_282' title='bbox 146 2527 211 2578; x_wconf 89' lang='lat' dir='ltr'>idem</span> <span class='ocrx_word' id='word_1_283' title='bbox 220 2527 305 2577; x_wconf 87' lang='lat' dir='ltr'>nebulo</span> <span class='ocrx_word' id='word_1_284' title='bbox 315 2527 525 2592; x_wconf 71' lang='lat' dir='ltr'>sempervocatura</span> <span class='ocrx_word' id='word_1_285' title='bbox 535 2527 679 2579; x_wconf 84' lang='lat' dir='ltr'>membranis</span> <span class='ocrx_word' id='word_1_286' title='bbox 690 2531 840 2586; x_wconf 81' lang='lat' dir='ltr'>melioribus,</span> <span class='ocrx_word' id='word_1_287' title='bbox 856 2544 944 2593; x_wconf 79' lang='lat' dir='ltr'>quent·</span> 
     </span>
     <span class='ocr_line' id='line_1_34' title="bbox 9 2588 864 2656; baseline 0.004 -17"><span class='ocrx_word' id='word_1_288' title='bbox 9 2612 30 2639; x_wconf 80' lang='grc' dir='ltr'>ι</span> <span class='ocrx_word' id='word_1_289' title='bbox 71 2590 204 2641; x_wconf 80' lang='lat' dir='ltr'>atmodum</span> <span class='ocrx_word' id='word_1_290' title='bbox 217 2588 294 2654; x_wconf 77' lang='lat' dir='ltr'>sapius</span> <span class='ocrx_word' id='word_1_291' title='bbox 307 2590 383 2640; x_wconf 83' lang='lat' dir='ltr'>testari</span> <span class='ocrx_word' id='word_1_292' title='bbox 394 2590 471 2641; x_wconf 88' lang='lat' dir='ltr'>sumus</span> <span class='ocrx_word' id='word_1_293' title='bbox 481 2593 505 2640; x_wconf 91' lang='lat' dir='ltr'>in</span> <span class='ocrx_word' id='word_1_294' title='bbox 517 2591 667 2641; x_wconf 87' lang='lat' dir='ltr'>Orationibus</span> <span class='ocrx_word' id='word_1_295' title='bbox 676 2592 757 2656; x_wconf 74' lang='lat' dir='ltr'>Trallii</span> <span class='ocrx_word' id='word_1_296' title='bbox 775 2595 864 2641; x_wconf 62' lang='lat' dir='ltr'>Gruter.</span> 
     </span>
     <span class='ocr_line' id='line_1_35' title="bbox 9 2652 942 2713; baseline 0 -9"><span class='ocrx_word' id='word_1_297' title='bbox 9 2654 35 2705; x_wconf 69' lang='grc' dir='ltr'>ι’</span> <span class='ocrx_word' id='word_1_298' title='bbox 75 2702 79 2707; x_wconf 90' lang='grc'><strong>,</strong></span> <span class='ocrx_word' id='word_1_299' title='bbox 104 2670 145 2710; x_wconf 76' lang='lat'>22·</span> <span class='ocrx_word' id='word_1_300' title='bbox 161 2661 208 2701; x_wconf 81' lang='lat' dir='ltr'>Non</span> <span class='ocrx_word' id='word_1_301' title='bbox 215 2654 327 2711; x_wconf 72' lang='lat' dir='ltr'>fiturum]</span> <span class='ocrx_word' id='word_1_302' title='bbox 343 2658 395 2703; x_wconf 82' lang='lat' dir='ltr'>Nec</span> <span class='ocrx_word' id='word_1_303' title='bbox 405 2652 475 2710; x_wconf 80' lang='lat' dir='ltr'>ficit,</span> <span class='ocrx_word' id='word_1_304' title='bbox 491 2652 615 2703; x_wconf 85' lang='lat' dir='ltr'>tribunicio</span> <span class='ocrx_word' id='word_1_305' title='bbox 624 2653 782 2702; x_wconf 89' lang='lat' dir='ltr'>intercedendi</span> <span class='ocrx_word' id='word_1_306' title='bbox 799 2655 854 2713; x_wconf 79' lang='lat' dir='ltr'>iure.</span> <span class='ocrx_word' id='word_1_307' title='bbox 876 2654 942 2705; x_wconf 83' lang='lat' dir='ltr'>nulla</span> 
     </span>
     <span class='ocr_line' id='line_1_36' title="bbox 9 2714 943 2778; baseline -0.001 -11"><span class='ocrx_word' id='word_1_308' title='bbox 9 2732 34 2767; x_wconf 88' lang='grc' dir='ltr'>ι</span> <span class='ocrx_word' id='word_1_309' title='bbox 69 2718 138 2766; x_wconf 86' lang='lat' dir='ltr'>enim</span> <span class='ocrx_word' id='word_1_310' title='bbox 148 2716 195 2764; x_wconf 89' lang='lat' dir='ltr'>hoc</span> <span class='ocrx_word' id='word_1_311' title='bbox 208 2729 272 2763; x_wconf 86' lang='lat' dir='ltr'>anno</span> <span class='ocrx_word' id='word_1_312' title='bbox 289 2715 369 2766; x_wconf 89' lang='lat' dir='ltr'>habita</span> <span class='ocrx_word' id='word_1_313' title='bbox 386 2717 501 2771; x_wconf 87' lang='lat' dir='ltr'>comitia,</span> <span class='ocrx_word' id='word_1_314' title='bbox 523 2729 550 2764; x_wconf 85' lang='lat' dir='ltr'>ac</span> <span class='ocrx_word' id='word_1_315' title='bbox 566 2730 596 2763; x_wconf 88' lang='lat' dir='ltr'>ne</span> <span class='ocrx_word' id='word_1_316' title='bbox 610 2714 701 2764; x_wconf 88' lang='lat' dir='ltr'>duobus</span> <span class='ocrx_word' id='word_1_317' title='bbox 716 2717 811 2778; x_wconf 89' lang='lat' dir='ltr'>quidem</span> <span class='ocrx_word' id='word_1_318' title='bbox 834 2719 943 2778; x_wconf 85' lang='lat' dir='ltr'>proxime</span> 
     </span>
     <span class='ocr_line' id='line_1_37' title="bbox 9 2776 945 2842; baseline -0.003 -11"><span class='ocrx_word' id='word_1_319' title='bbox 9 2796 35 2831; x_wconf 78' lang='lat' dir='ltr'>e·</span> <span class='ocrx_word' id='word_1_320' title='bbox 68 2777 233 2841; x_wconf 78' lang='lat' dir='ltr'>sequentibus,</span> <span class='ocrx_word' id='word_1_321' title='bbox 251 2776 288 2826; x_wconf 88' lang='lat' dir='ltr'>sed</span> <span class='ocrx_word' id='word_1_322' title='bbox 300 2794 329 2826; x_wconf 85' lang='lat' dir='ltr'>erc</span> <span class='ocrx_word' id='word_1_323' title='bbox 341 2781 476 2842; x_wconf 86' lang='lat' dir='ltr'>interregno</span> <span class='ocrx_word' id='word_1_324' title='bbox 486 2777 592 2826; x_wconf 83' lang='lat' dir='ltr'>eonsules</span> <span class='ocrx_word' id='word_1_325' title='bbox 602 2793 642 2840; x_wconf 90' lang='lat' dir='ltr'>per</span> <span class='ocrx_word' id='word_1_326' title='bbox 653 2779 778 2826; x_wconf 87' lang='lat' dir='ltr'>triennium</span> <span class='ocrx_word' id='word_1_327' title='bbox 795 2791 887 2827; x_wconf 85' lang='lat' dir='ltr'>creatos</span> <span class='ocrx_word' id='word_1_328' title='bbox 901 2780 945 2828; x_wconf 85' lang='lat' dir='ltr'>ci·</span> 
     </span>
     <span class='ocr_line' id='line_1_38' title="bbox 9 2840 946 2907; baseline -0.002 -16"><span class='ocrx_word' id='word_1_329' title='bbox 9 2844 36 2907; x_wconf 71' lang='lat' dir='ltr'>ip</span> <span class='ocrx_word' id='word_1_330' title='bbox 67 2856 126 2891; x_wconf 86' lang='lat' dir='ltr'>eero</span> <span class='ocrx_word' id='word_1_331' title='bbox 136 2840 185 2905; x_wconf 88' lang='lat' dir='ltr'>ipse</span> <span class='ocrx_word' id='word_1_332' title='bbox 198 2842 289 2902; x_wconf 86' lang='lat' dir='ltr'>aliquot</span> <span class='ocrx_word' id='word_1_333' title='bbox 301 2843 361 2891; x_wconf 86' lang='lat' dir='ltr'>locis</span> <span class='ocrx_word' id='word_1_334' title='bbox 372 2843 397 2892; x_wconf 79' lang='lat' dir='ltr'>bc</span> <span class='ocrx_word' id='word_1_335' title='bbox 410 2844 458 2893; x_wconf 86' lang='lat' dir='ltr'>Dio</span> <span class='ocrx_word' id='word_1_336' title='bbox 471 2840 608 2889; x_wconf 84' lang='lat' dir='ltr'>librrxrcrx.</span> <span class='ocrx_word' id='word_1_337' title='bbox 626 2854 734 2902; x_wconf 86' lang='lat' dir='ltr'>practerea</span> <span class='ocrx_word' id='word_1_338' title='bbox 747 2842 880 2889; x_wconf 80' lang='lat' dir='ltr'>Plutarchus</span> <span class='ocrx_word' id='word_1_339' title='bbox 891 2846 946 2905; x_wconf 77' lang='lat' dir='ltr'>Ap·</span> 
     </span>
     <span class='ocr_line' id='line_1_39' title="bbox 9 2901 945 2969; baseline 0 -18"><span class='ocrx_word' id='word_1_340' title='bbox 9 2908 33 2955; x_wconf 77' lang='lat' dir='ltr'>ti</span> <span class='ocrx_word' id='word_1_341' title='bbox 67 2904 201 2969; x_wconf 85' lang='lat' dir='ltr'>pianusque</span> <span class='ocrx_word' id='word_1_342' title='bbox 210 2902 337 2953; x_wconf 90' lang='lat' dir='ltr'>declarant.</span> <span class='ocrx_word' id='word_1_343' title='bbox 355 2903 402 2951; x_wconf 90' lang='lat' dir='ltr'>hoc</span> <span class='ocrx_word' id='word_1_344' title='bbox 415 2918 492 2951; x_wconf 87' lang='lat' dir='ltr'>autem</span> <span class='ocrx_word' id='word_1_345' title='bbox 504 2916 585 2957; x_wconf 90' lang='lat' dir='ltr'>anno,</span> <span class='ocrx_word' id='word_1_346' title='bbox 601 2901 695 2951; x_wconf 89' lang='lat' dir='ltr'>sublatis</span> <span class='ocrx_word' id='word_1_347' title='bbox 709 2903 811 2951; x_wconf 87' lang='lat' dir='ltr'>comitiis</span> <span class='ocrx_word' id='word_1_348' title='bbox 827 2903 881 2951; x_wconf 71' lang='lat' dir='ltr'>dc·</span> <span class='ocrx_word' id='word_1_349' title='bbox 895 2906 945 2951; x_wconf 87' lang='lat' dir='ltr'>Ca·</span> 
     </span>
     <span class='ocr_line' id='line_1_40' title="bbox 9 2963 942 3031; baseline -0.001 -14"><span class='ocrx_word' id='word_1_350' title='bbox 9 2982 29 3017; x_wconf 81' lang='grc' dir='ltr'>ι</span> <span class='ocrx_word' id='word_1_351' title='bbox 66 2978 128 3016; x_wconf 90' lang='lat' dir='ltr'>tone</span> <span class='ocrx_word' id='word_1_352' title='bbox 138 2965 234 3014; x_wconf 89' lang='lat' dir='ltr'>tribuno</span> <span class='ocrx_word' id='word_1_353' title='bbox 244 2966 276 3029; x_wconf 91' lang='lat' dir='ltr'>pl.</span> <span class='ocrx_word' id='word_1_354' title='bbox 288 2965 375 3015; x_wconf 81' lang='lat' dir='ltr'>vestem</span> <span class='ocrx_word' id='word_1_355' title='bbox 386 2964 477 3016; x_wconf 89' lang='lat' dir='ltr'>senatus</span> <span class='ocrx_word' id='word_1_356' title='bbox 488 2967 594 3015; x_wconf 84' lang='lat' dir='ltr'>mutarit.</span> <span class='ocrx_word' id='word_1_357' title='bbox 613 2967 732 3031; x_wconf 83' lang='lat' dir='ltr'>epitome,</span> <span class='ocrx_word' id='word_1_358' title='bbox 745 2966 794 3015; x_wconf 88' lang='lat' dir='ltr'>Dio</span> <span class='ocrx_word' id='word_1_359' title='bbox 805 2963 845 3014; x_wconf 91' lang='lat' dir='ltr'>lib.</span> <span class='ocrx_word' id='word_1_360' title='bbox 854 2979 942 3016; x_wconf 72' lang='lat' dir='ltr'>xxxta.</span> 
     </span>
     <span class='ocr_line' id='line_1_41' title="bbox 15 3032 200 3079; baseline 0.016 -4"><span class='ocrx_word' id='word_1_361' title='bbox 15 3048 26 3075; x_wconf 81' lang='grc' dir='ltr'>ι</span> <span class='ocrx_word' id='word_1_362' title='bbox 67 3032 96 3079; x_wconf 80' lang='lat' dir='ltr'>P.</span> <span class='ocrx_word' id='word_1_363' title='bbox 110 3032 200 3078; x_wconf 72' lang='lat' dir='ltr'>Manus.</span> 
     </span>
     <span class='ocr_line' id='line_1_42' title="bbox 9 3088 941 3153; baseline -0.003 -12"><span class='ocrx_word' id='word_1_364' title='bbox 9 3104 23 3141; x_wconf 77' lang='lat' dir='ltr'>a</span> <span class='ocrx_word' id='word_1_365' title='bbox 101 3106 140 3147; x_wconf 74' lang='lat' dir='ltr'>n.</span> <span class='ocrx_word' id='word_1_366' title='bbox 158 3097 184 3138; x_wconf 85' lang='lat' dir='ltr'>ln</span> <span class='ocrx_word' id='word_1_367' title='bbox 196 3093 329 3153; x_wconf 72' lang='lat' dir='ltr'>provincia]</span> <span class='ocrx_word' id='word_1_368' title='bbox 347 3091 411 3139; x_wconf 84' lang='lat' dir='ltr'>Fecit</span> <span class='ocrx_word' id='word_1_369' title='bbox 422 3088 552 3152; x_wconf 84' lang='lat' dir='ltr'>aliquando</span> <span class='ocrx_word' id='word_1_370' title='bbox 567 3090 616 3138; x_wconf 84' lang='lat' dir='ltr'>haec</span> <span class='ocrx_word' id='word_1_371' title='bbox 626 3103 693 3146; x_wconf 86' lang='lat' dir='ltr'>vox,</span> <span class='ocrx_word' id='word_1_372' title='bbox 713 3102 737 3136; x_wconf 90' lang='lat' dir='ltr'>ur</span> <span class='ocrx_word' id='word_1_373' title='bbox 749 3089 878 3151; x_wconf 74' lang='lat' dir='ltr'>Quinsium</span> <span class='ocrx_word' id='word_1_374' title='bbox 890 3088 941 3138; x_wconf 88' lang='lat' dir='ltr'>erri-</span> 
     </span>
     <span class='ocr_line' id='line_1_43' title="bbox 66 3151 941 3217; baseline -0.003 -14"><span class='ocrx_word' id='word_1_375' title='bbox 66 3151 189 3203; x_wconf 76' lang='lat' dir='ltr'>stimarem</span> <span class='ocrx_word' id='word_1_376' title='bbox 200 3155 224 3202; x_wconf 91' lang='lat' dir='ltr'>in</span> <span class='ocrx_word' id='word_1_377' title='bbox 236 3152 340 3202; x_wconf 86' lang='lat' dir='ltr'>Sardinia</span> <span class='ocrx_word' id='word_1_378' title='bbox 352 3152 419 3202; x_wconf 77' lang='lat' dir='ltr'>fuisse</span> <span class='ocrx_word' id='word_1_379' title='bbox 431 3169 472 3216; x_wconf 90' lang='lat' dir='ltr'>pro</span> <span class='ocrx_word' id='word_1_380' title='bbox 482 3164 594 3217; x_wconf 73' lang='lat' dir='ltr'>pretore,</span> <span class='ocrx_word' id='word_1_381' title='bbox 609 3165 675 3200; x_wconf 83' lang='lat' dir='ltr'>extra</span> <span class='ocrx_word' id='word_1_382' title='bbox 689 3152 811 3207; x_wconf 88' lang='lat' dir='ltr'>ordinem,</span> <span class='ocrx_word' id='word_1_383' title='bbox 826 3152 883 3200; x_wconf 91' lang='lat' dir='ltr'>dum</span> <span class='ocrx_word' id='word_1_384' title='bbox 896 3152 941 3201; x_wconf 87' lang='lat' dir='ltr'>ali·</span> 
     </span>
     <span class='ocr_line' id='line_1_44' title="bbox 9 3212 940 3280; baseline 0 -17"><span class='ocrx_word' id='word_1_385' title='bbox 9 3232 17 3263; x_wconf 84' lang='lat' dir='ltr'>r.</span> <span class='ocrx_word' id='word_1_386' title='bbox 66 3216 121 3280; x_wconf 84' lang='lat' dir='ltr'>quis</span> <span class='ocrx_word' id='word_1_387' title='bbox 133 3231 213 3264; x_wconf 88' lang='lat' dir='ltr'>annuo</span> <span class='ocrx_word' id='word_1_388' title='bbox 227 3216 336 3280; x_wconf 75' lang='lat' dir='ltr'>legitimo</span> <span class='ocrx_word' id='word_1_389' title='bbox 347 3217 447 3278; x_wconf 87' lang='lat' dir='ltr'>imperio</span> <span class='ocrx_word' id='word_1_390' title='bbox 466 3214 613 3266; x_wconf 89' lang='lat' dir='ltr'>succederet:</span> <span class='ocrx_word' id='word_1_391' title='bbox 631 3214 748 3278; x_wconf 84' lang='lat' dir='ltr'>quianon</span> <span class='ocrx_word' id='word_1_392' title='bbox 763 3215 824 3262; x_wconf 86' lang='lat' dir='ltr'>ultra</span> <span class='ocrx_word' id='word_1_393' title='bbox 834 3212 940 3263; x_wconf 88' lang='lat' dir='ltr'>mensem</span> 
     </span>
     <span class='ocr_line' id='line_1_45' title="bbox 9 3276 941 3339; baseline 0.002 -16"><span class='ocrx_word' id='word_1_394' title='bbox 9 3292 12 3323; x_wconf 85' lang='lat' dir='ltr'>r</span> <span class='ocrx_word' id='word_1_395' title='bbox 66 3280 162 3339; x_wconf 81' lang='lat' dir='ltr'>Maium</span> <span class='ocrx_word' id='word_1_396' title='bbox 173 3280 198 3328; x_wconf 87' lang='lat' dir='ltr'>in</span> <span class='ocrx_word' id='word_1_397' title='bbox 210 3280 315 3327; x_wconf 80' lang='lat' dir='ltr'>sardinia</span> <span class='ocrx_word' id='word_1_398' title='bbox 327 3280 455 3339; x_wconf 78' lang='lat' dir='ltr'>Quinstum</span> <span class='ocrx_word' id='word_1_399' title='bbox 467 3276 534 3327; x_wconf 73' lang='lat' dir='ltr'>fuisse</span> <span class='ocrx_word' id='word_1_400' title='bbox 545 3276 643 3326; x_wconf 89' lang='lat' dir='ltr'>constat.</span> <span class='ocrx_word' id='word_1_401' title='bbox 661 3291 736 3332; x_wconf 87' lang='lat' dir='ltr'>nunc,</span> <span class='ocrx_word' id='word_1_402' title='bbox 754 3277 821 3325; x_wconf 90' lang='lat' dir='ltr'>illum</span> <span class='ocrx_word' id='word_1_403' title='bbox 839 3278 852 3327; x_wconf 74' lang='lat' dir='ltr'>l</span> <span class='ocrx_word' id='word_1_404' title='bbox 869 3278 941 3325; x_wconf 84' lang='lat' dir='ltr'>Cice·</span> 
     </span>
     <span class='ocr_line' id='line_1_46' title="bbox 9 3339 940 3404; baseline -0.004 -13"><span class='ocrx_word' id='word_1_405' title='bbox 9 3354 16 3397; x_wconf 80' lang='grc' dir='ltr'>Ι,</span> <span class='ocrx_word' id='word_1_406' title='bbox 65 3356 126 3391; x_wconf 85' lang='lat' dir='ltr'>rone</span> <span class='ocrx_word' id='word_1_407' title='bbox 138 3341 247 3389; x_wconf 83' lang='lat' dir='ltr'>omnibus</span> <span class='ocrx_word' id='word_1_408' title='bbox 266 3343 349 3390; x_wconf 84' lang='lat' dir='ltr'>litteris</span> <span class='ocrx_word' id='word_1_409' title='bbox 364 3346 472 3391; x_wconf 87' lang='lat' dir='ltr'>Romam</span> <span class='ocrx_word' id='word_1_410' title='bbox 484 3341 564 3389; x_wconf 85' lang='lat' dir='ltr'>vocari</span> <span class='ocrx_word' id='word_1_411' title='bbox 579 3354 633 3388; x_wconf 90' lang='lat' dir='ltr'>cum</span> <span class='ocrx_word' id='word_1_412' title='bbox 651 3339 765 3396; x_wconf 87' lang='lat' dir='ltr'>videam,</span> <span class='ocrx_word' id='word_1_413' title='bbox 799 3340 940 3404; x_wconf 87' lang='lat' dir='ltr'>opinionem</span> 
     </span>
     <span class='ocr_line' id='line_1_47' title="bbox 9 3398 943 3533; baseline -0.011 -76"><span class='ocrx_word' id='word_1_414' title='bbox 9 3414 14 3447; x_wconf 74' lang='lat' dir='ltr'>t</span> <span class='ocrx_word' id='word_1_415' title='bbox 66 3416 146 3456; x_wconf 83' lang='lat' dir='ltr'>muto.</span> <span class='ocrx_word' id='word_1_416' title='bbox 162 3402 205 3470; x_wconf 86' lang='lat' dir='ltr'>qul</span> <span class='ocrx_word' id='word_1_417' title='bbox 216 3404 281 3455; x_wconf 86' lang='lat' dir='ltr'>euim</span> <span class='ocrx_word' id='word_1_418' title='bbox 292 3402 415 3456; x_wconf 83' lang='lat' dir='ltr'>accerseret</span> <span class='ocrx_word' id='word_1_419' title='bbox 425 3419 480 3456; x_wconf 89' lang='lat' dir='ltr'>eum</span> <span class='ocrx_word' id='word_1_420' title='bbox 487 3404 589 3533; x_wconf 49' lang='grc' dir='ltr'>7ςίίςιιο,</span> <span class='ocrx_word' id='word_1_421' title='bbox 607 3415 678 3466; x_wconf 89' lang='lat' dir='ltr'>quem</span> <span class='ocrx_word' id='word_1_422' title='bbox 689 3401 754 3471; x_wconf 86' lang='lat' dir='ltr'>sciret</span> <span class='ocrx_word' id='word_1_423' title='bbox 765 3417 816 3454; x_wconf 86' lang='lat' dir='ltr'>non</span> <span class='ocrx_word' id='word_1_424' title='bbox 826 3398 943 3513; x_wconf 51' lang='lat' dir='ltr'>antesstirei-</span> 
     </span>
     <span class='ocr_line' id='line_1_48' title="bbox 516 3474 946 3523; baseline -0.007 -10"><span class='ocrx_word' id='word_1_425' title='bbox 516 3481 621 3523; x_wconf 75' lang='lat' dir='ltr'>rrrrra</span> <span class='ocrx_word' id='word_1_426' title='bbox 666 3488 669 3493; x_wconf 21' lang='grc' dir='ltr'><strong>Α</strong></span> <span class='ocrx_word' id='word_1_427' title='bbox 851 3474 946 3519; x_wconf 51' lang='grc' dir='ltr'>ποις,</span> 
     </span>
    </p>
   </div>
   <div class='ocr_carea' id='block_1_5' title="bbox 0 0 1155 3900">
    <p class='ocr_par' dir='ltr' id='par_1_5' title="bbox 0 0 1155 3900">
     <span class='ocr_line' id='line_1_49' title="bbox 0 0 1155 3900; baseline 0 0"><span class='ocrx_word' id='word_1_428' title='bbox 0 0 1155 3900; x_wconf 95' lang='lat' dir='ltr'> </span> 
     </span>
    </p>
   </div>
  </div>
 </body>
</html>
