2296 3900
226 112 417 194 [arpen
457 112 750 181 Tanarus.
855 129 936 196 2¹33

67 216 133 281 edm
146 220 243 293 voles,
262 223 393 301 depones.
413 222 467 283 Sed
482 224 540 300 ejus
553 224 593 282 rei
605 222 956 299 maturitas0nequedumo
967 221 1072 300 perdum

66 297 145 356 venit
162 340 170 366 ‚
189 301 219 358 &
231 312 326 359 tamen
336 301 396 377 Jam
411 302 620 377 appropinquat.
639 300 730 358 Etiam
743 296 810 356 illud
821 311 849 355 te
863 288 1018 397 rad-⁶²¹¹?
1025 291 1078 338 MS·

67 386 196 444 moneo,
216 376 320 453 nequid
333 377 393 439 ullis
403 376 499 435 litteris
512 372 670 451 committas
685 418 696 454 ,Ι
714 373 792 450 quod
811 372 829 431 sr
845 363 983 461 prola-{5³5
998 363 1080 400 ‘'¹⁰¹¹“

65 457 129 507 tum
151 450 184 508 fit
203 451 317 510 moleste
336 454 464 512 feramus.
504 451 592 510 Multa
610 451 687 520 sunt,
707 467 771 531 quae
787 466 840 525 ego
849 448 900 507 nes
912 449 934 494 ‘·
983 447 1005 483 '-

67 524 103 582 re‘
115 526 191 585 malo
218 527 302 604 quam
326 546 391 589 cum
405 530 498 607 aliquo
512 526 707 604 periculo-fieri
722 527 829 585 certior.
855 524 934 583 Plura

67 599 103 658 ad
116 613 146 660 te
159 621 249 665 vacuo
264 604 360 669 animo
374 605 486 664 scribam
503 646 512 674 ,
531 603 595 663 cbtn
616 603 658 678 (ut
678 603 769 679 spero)
791 601 818 660 se
832 601 933 660 Cicero

68 679 231 745 meus‚belle
245 681 363 741 habebit.
397 681 447 740 Tu
459 680 544 738 velim
559 698 654 748 cures,
674 691 705 737 ut
718 679 818 747 sciam,
837 677 933 754 quibus

66 770 121 811 nos
135 753 199 813 dare
213 775 232 814 0
272 769 340 816 rteat
354 776 397 816 eas
413 801 421 826 ‚
441 774 506 833 quas
520 757 554 816 ad
569 770 598 816 te
613 755 713 814 deinde
726 755 825 812 litteras
840 754 933 815 mitte·

68 845 132 887 mus
147 850 154 887 :
177 832 227 889 Cae
238 833 323 891 arisne
336 833 494 901 tabellariis,
513 844 544 891 ut
556 833 577 892 is
590 831 625 890 ad
639 844 668 890 te
688 832 811 906 protinus
826 831 933 899 mittat,

67 898 244 967 snLabieni.
283 910 338 967 Ubi
352 912 427 968 enirn
442 909 482 966 isti
495 907 569 966 anne
588 907 686 967 Nervii
701 949 709 976 ‚
729 909 758 964 &
772 905 856 982 quim
871 905 955 971 lon-5
971 892 1017 973 ¹3¹¹}
1029 899 1084 959 dene

69 979 105 1054 gd
125 982 234 1054 absint,
260 984 362 1044 nescio.
401 985 447 1042 De
469 985 570 1042 virtute
590 986 620 1043 &
640 985 771 1059 gravitate
795 980 906 1041 Caesaris
922 962 1033 1052 ,'”‘²¹¹⁸·

68 1073 154 1132 quam
167 1057 197 1116 in
209 1060 320 1120 summo
336 1061 432 1120 dolore
444 1057 619 1129 adhibuisset,
638 1075 768 1134 magnam
790 1075 823 1116 ex
838 1057 937 1133 episto·

69 1132 95 1190 la
107 1144 155 1192 tua
170 1138 281 1213 raccepi
295 1138 477 1212 voluptatem.
515 1135 604 1211 Qubd
617 1152 664 1193 me
684 1134 836 1192 institutum
851 1133 886 1193 ad
902 1134 952 1193 il-r
966 1137 1017 1200 cepi
1031 1140 1081 1189 arri.

68 1206 128 1266 lum
143 1216 246 1284 poe'ma
257 1212 336 1287 jubes
350 1211 503 1287 perficete;
530 1211 579 1269 etsr
599 1210 727 1269 distentus
747 1208 810 1267 clun
833 1209 934 1285 opers,

68 1296 129 1343 tum
145 1288 241 1345 animo
255 1288 331 1347 ³sum
348 1289 436 1346 multo
450 1288 552 1362 magis,
571 1288 705 1364 quoniam
718 1298 812 1344 tamen
826 1303 860 1343 ex
876 1287 952 1360 epi-s
966 1291 1085 1339 asisium·

69 1359 153 1430 stola,
194 1382 259 1424 uam
274 1364 308 1423 ad
322 1377 349 1422 te
365 1363 488 1422 miseram
506 1404 515 1432 ,
534 1365 670 1437 cognovit
691 1362 804 1432 Caesar,
824 1378 872 1420 me
885 1355 1083 1420 ali-swmros

69 1438 138 1513 quid
151 1381 204 1497 esde
217 1440 362 1507 exorsum,
381 1451 500 1498 revertat
513 1438 548 1498 ad
561 1439 728 1498 institutum:
748 1437 832 1515 idque
853 1437 934 1513 persi·
942 1412 999 1466 sum.

68 1514 141 1572 ciam
156 1515 197 1573 his
211 1514 438 1591 supplicationum
452 1513 482 1557 ⁶0
491 1514 583 1575 otiofis
598 1514 706 1574 diebus:
726 1515 823 1588 quibus
833 1510 934 1573 Messa·

67 1587 125 1646 lam
157 1591 217 1665 jam
239 1591 360 1650 nostrum
382 1592 555 1668 reliquosque
584 1590 707 1650 molestis
726 1589 830 1649 levatos
850 1591 935 1649 vehe-

67 1675 178 1724 menter
190 1666 320 1743 gaudeo:
341 1685 462 1743 eumque
483 1667 561 1757 quod
580 1679 686 1728 certum
706 1666 847 1724 consulem
868 1683 935 1725 curn
974 1667 999 1716 P·
1016 1669 1043 1715 B·

66 1738 201 1801 Domitio
215 1744 382 1810 numeratis,
401 1742 469 1803 nihil
490 1760 505 1800 a
526 1741 615 1803 nostra
638 1743 771 1818 opinione
786 1739 935 1801 dissentitis.

67 1812 133 1893 Ego
149 1817 292 1877 Messalam
310 1818 410 1877 Caesari
422 1818 563 1892 praestabo.
602 1818 655 1878 Sed
670 1818 823 1887 Memmius
837 1819 866 1876 in
886 1817 934 1877 ad-

67 1908 156 1951 ventu
179 1894 290 1953 Caesaris
310 1895 392 1953 habet
412 1893 486 1968 spem
503 1912 511 1950 ·.
537 1895 565 1952 in
581 1911 639 1968 quo
654 1894 730 1951 illum
744 1905 813 1967 puto
829 1909 932 1951 errare:

67 1967 114 2025 bic
125 1971 238 2045 quidem
254 1972 342 2044 stiget.
381 1974 511 2027 Scaurum
527 1982 620 2026 autem
632 1968 799 2044 jampridem
813 1970 935 2042 Pompe·

62 2044 111 2121 jus
124 2047 230 2120 abjecit.
268 2064 309 2104 res
330 2046 451 2123 prolatae.
489 2043 524 2102 ad
543 2046 729 2118 interregnum
752 2045 865 2102 comitia
885 2043 935 2101 ad-

67 2118 160 2178 dusla.
185 2122 294 2181 Rumor
308 2121 446 2193 dissatoris
458 2119 638 2195 tinjucundus
652 2121 746 2179 bonis:
767 2119 835 2179 mihi
849 2119 951 2179 etiamt
969 2117 1081 2175 iucundus

68 2195 157 2268 magis
170 2213 233 2270 quae
244 2198 403 2273 loquuntur.
443 2196 496 2255 Sed
508 2193 568 2254 tota
584 2214 624 2254 res
639 2196 668 2255 dc
684 2197 820 2263 timetur,
841 2197 872 2255 δε
890 2211 933 2252 re·
941 2182 1016 2286 '‘1⁶1''st
1029 2185 1056 2246 ss

68 2269 195 2343 frigescit.
232 2275 381 2349 Pompeius
401 2272 479 2349 plane
501 2271 527 2330 se
553 2283 635 2346 negat
655 2270 748 2330 velle:
775 2284 856 2331 antea
876 2257 1015 2349 ipse‘⁸f¹‘u
1053 2338 1058 2348 Ι

68 2346 138 2403 mihi
166 2363 223 2404 non
249 2349 373 2424 negabat.
410 2349 528 2406 tHirrus
549 2347 645 2408 aussot
665 2348 726 2405 sore
747 2347 864 2406 videtur.
901 2338 1013 2409 ΟΨ
1029 2342 1084 2386 ³¹¹·

68 2421 106 2478 dii
127 2439 211 2496 quant
231 2423 360 2498 ineptus!
380 2422 502 2500 ⁶¹qudm
519 2423 548 2496 ⁸se
568 2422 622 2497 ipse
642 2440 736 2480 amans
755 2422 811 2480 fine
839 2410 1035 2510 ήνώἰῑὲῗζζζ

69 2494 98 2543 ⁶²
108 2494 232 2556 Crassum
251 2498 425 2579 Juuianu'm,
456 2500 604 2558 hominem
625 2499 694 2557 mihi
716 2497 866 2568 deditum,
884 2513 933 2572 pet
986 2475 999 2525 Ρ
1028 2496 1036 2513 ’

617 2608 620 2617 -
886 2591 934 2633 me

100 2750 139 2792 60.
156 2743 252 2802 otiosa]
271 2746 313 2792 Per
326 2741 376 2790 dies
391 2742 455 2793 enirn
470 2742 665 2806 supplicationum
680 2742 734 2808 lege
748 2757 799 2792 nott
814 2741 934 2805 agebatur.

68 2804 103 2853 ita
113 2806 190 2853 otium
201 2807 237 2855 illi
249 2806 263 2854 d
274 2802 360 2854 forensi
370 2804 451 2855 labore
460 2805 563 2859 flaturum
579 2820 636 2856 erat.
659 2820 689 2854 ne
704 2820 758 2854 cum
775 2806 865 2868 populo
882 2807 936 2869 qui⁴

69 2864 126 2915 dem
142 2879 193 2915 tum
210 2867 310 2931 potuisse
326 2870 364 2932 agi
379 2867 466 2917 indicat
484 2868 543 2917 illud
557 2869 582 2915 in
598 2867 715 2932 epistola,
732 2869 838 2915 Dedmm
850 2846 882 2914 ad
891 2874 934 2924 fa,
1032 2893 1034 2897 ·

67 2928 150 2980 sibu.
168 2934 270 2978 Lentulus
281 2933 326 2978 dies
336 2934 452 2978 romr'riales
462 2936 538 2978 exemit
550 2947 625 2977 omnes.
657 2944 707 2976 nam
723 2935 789 2977 etiam
800 2932 882 2976 Latina
898 2932 934 2977 su·

63 2992 207 3053 stauramur:
223 3011 259 3040 nec
268 3008 339 3040 tamen
350 2995 436 3040 deerant
444 2992 612 3056 supplicassem.
645 2996 668 3040 1³.
679 2999 770 3043 Manus.

100 3064 139 3105 61.
155 3055 233 3117 Qim
241 3056 316 3119 seipse
328 3072 403 3101 amam
411 3057 453 3112 fine
464 3057 555 3114 rionis]
582 3052 936 3120 Signfficatamatumdnems·
978 3113 981 3121 μ

68 3133 109 3168 ne.
141 3118 278 3167 Translatio
297 3118 366 3165 <lusia
381 3117 414 3166 est
428 3117 458 3167 ab
474 3118 631 3174 amatoribus,
655 3131 757 3178 quorum
768 3115 794 3164 fit
806 3118 882 3165 amica
893 3114 936 3164 de-

67 3178 171 3235 sonnis,
186 3195 260 3243 quam
270 3195 343 3229 nemo
354 3178 396 3229 fibi
405 3186 520 3242 expetat,
535 3193 574 3227 aut
587 3181 688 3228 amicam
700 3179 784 3228 habere
800 3178 862 3227 velit.
881 3184 935 3227 Hoc

68 3242 122 3290 aliis
133 3243 208 3292 verbis
223 3242 253 3290 ad
264 3247 315 3291 Art.
326 3239 424 3291 scribens
439 3243 523 3291 extralit
540 3243 579 3290 lib.
593 3258 628 3292 vr.
650 3248 722 3304 Hujus
739 3243 843 3289 nasseinais
862 3255 935 3302 opera·

67 3307 125 3352 tione
136 3338 144 3359 ,
153 3307 174 3362 fi
185 3311 264 3354 Brutus
280 3311 360 3351 moneri
373 3305 454 3366 potest:
472 3308 542 3353 licebit
556 3311 612 3352 enim
624 3307 684 3366 salus
699 3322 775 3352 amer:
792 3322 825 3351 mr
835 3306 937 3352 amulum

69 3383 112 3417 nan
123 3368 211 3416 habebis.
244 3368 384 3432 Malaspina.

103 3436 141 3478 62.
158 3431 250 3494 (ruffum
264 3432 407 3492 mianum]
431 3434 458 3488 Ρ.
470 3429 551 3489 (ruffus
562 3430 600 3478 bic
610 3429 720 3487 Junianus
729 3427 854 3494 descriptus
864 3426 897 3479 est
911 3427 937 3475 itt

122 3524 125 3529 -
484 3497 635 3549 vavvv3
896 3503 938 3538 vt·

1063 3562 1111 3648 1
