2296 3900
225 114 311 182 17²4
358 96 551 167 LIBER
592 94 1062 163 Duooucruus‘

229 213 382 287 ¹obsequere
396 212 462 272 huic
479 213 563 271 errori
579 228 656 270 meo.
697 220 725 263 50
734 211 810 268 Nam
824 208 903 286 quod
924 208 1020 271 scribis
1033 206 1111 284 dm

185 338 189 343 .
229 306 311 363 penu·
330 289 424 349 actum
436 291 497 366 jam
512 289 547 350 de
562 289 613 347 isto
630 287 683 347 est:
704 286 755 346 alia
770 289 856 363 magis
870 303 985 363 quaero.

467 469 864 536 trtsnotnxrrvp.

364 617 606 677 cronno
646 568 904 677 ntrrco
945 614 977 675 s.

228 754 348 877 Sici,
367 784 399 830 ut
412 771 500 831 scribit
515 815 524 841 ‚
544 773 627 858 etiam
643 770 664 830 fi
680 771 748 860 nihil
762 770 917 830 confecerit
930 787 1003 841 cum
1018 770 1055 843 A.
1070 769 1104 857 St}

279 846 335 916 lto,
355 860 450 906 tamen
464 848 490 907 se
504 847 592 907 scribit
607 868 634 906 x.
647 848 701 906 kal.
723 845 777 906 effe
799 857 963 905 venturum.
1006 855 1031 900 5¹
1042 848 1105 905 Tuis

228 924 457 999 occupationibus
476 925 592 1000 ignosco
609 948 618 991 ;
640 943 738 1001 eaeque
759 925 828 982 mibi
851 922 913 981 sunt
934 934 1037 1013 tropat..¹
1063 924 1104 981 De

82 1042 101 1081 ι
114 1011 245 1094 mlum}
256 1002 398 1088 voluntate
423 1013 487 1071 tua,
508 1001 644 1087 utlfimul
663 1001 762 1087 stmust,
774 1000 827 1088 .ch
848 999 939 1089 studio
953 1011 1056 1087 'potrus
1074 1001 1102 1086 ¹&

83 1096 167 1159 restit.
230 1076 397 1158 cupiditate,
417 1096 475 1153 non
490 1077 595 1136 dubito.
623 1077 694 1138 s²de
715 1079 796 1135 Nrcra
816 1075 895 1153 quod
909 1074 1022 1145 scribts,
1041 1075 1102 1153 sitta

63 3470 106 3656 's

230 1170 278 1225 me
292 1153 440 1222 haberem,
462 1167 492 1213 ut
508 1155 566 1229 ejus
580 1155 752 1225 humanitate
773 1154 826 1211 frui
848 1148 986 1228 possem,
1005 1153 1035 1213 in
1057 1154 1103 1228 pri·

227 1231 281 1289 mis
297 1230 397 1288 vellem
412 1231 490 1288 illum
507 1249 618 1290 mecum
633 1231 742 1288 habere.
779 1228 826 1287 sed
846 1230 917 1287 mihi
936 1227 1058 1289 solitudo
1077 1229 1104 1287 ὃ(

224 1306 340 1364 r'eccssus
366 1308 509 1382 provincia
531 1307 577 1366 cst.
621 1307 699 1384 quod
720 1306 784 1383 quia
799 1304 879 1364 facile
902 1307 1011 1364 screbat
1030 1304 1104 1373 Sica,

230 1400 266 1457 co
282 1384 368 1459 magis
382 1383 460 1462 ilium
481 1383 615 1463 desidero,
655 1398 789 1464 practerea
811 1382 883 1441 nosti
905 1382 1004 1442 Niciae
1025 1382 1104 1469 nostri

1044 1476 1104 1518 ‚lm-

264 1629 302 1670 ςο.
318 1620 375 1666 Nam
387 1615 443 1677 quod
453 1616 530 1675 scribis
539 1615 690 1676 ixt'ppetpun·
701 1617 773 1663 assum
782 1617 834 1675 jem
850 1615 875 1660 de
886 1613 926 1673 isto
938 1612 990 1672 effi]
1022 1614 1104 1673 ffers

234 1694 299 1735 pena
308 1676 396 1725 habent
407 1691 495 1726 veteres
506 1680 613 1726 codices:
631 1682 656 1728 dr
668 1681 701 1727 ita
711 1679 766 1728 sane
778 1678 905 1741 legendum
916 1676 959 1726 est.
977 1677 1059 1726 Utitur
1067 1690 1101 1723 au·

233 1751 284 1787 tem
295 1756 345 1788 non
357 1739 429 1788 semel
440 1741 483 1788 bac
493 1757 552 1789 voce
563 1744 587 1789 in
598 1742 634 1789 bis
645 1742 761 1805 epistolis,
769 1755 848 1790 verum
860 1754 888 1788 ea
897 1740 989 1803 ubique
999 1752 1102 1803 corrupta

233 1815 296 1857 erat,
314 1805 338 1850 in
349 1803 537 1867 'terminusque
548 1804 637 1866 semper
647 1820 748 1854 verterat
761 1822 768 1852 ε
785 1805 896 1867 inteiligit
914 1818 998 1853 autem
1009 1805 1103 1857 locum,

232 1866 259 1913 in
275 1866 324 1927 quo
341 1865 445 1915 senectus
455 1867 584 1918 commode
596 1867 692 1933 transigi
707 1867 795 1931 possit,
818 1869 844 1915 ἃ
860 1867 902 1929 qui
923 1865 954 1915 sit
970 1867 1064 1930 requie
1082 1866 1105 1914 de

233 1925 496 1987 pbsestamerrtumeius
510 1933 591 1980 aeratis.
625 1931 746 1995 scripserat
763 1943 842 1978 autern
859 1930 955 1978 Atticus
974 1931 1018 1994 (ut
1032 1929 1107 1989 conii*

233 2004 285 2038 cere
299 1991 354 2041 licet
370 2007 399 2045 en
411 1993 486 2042 verbis
497 1994 631 2056 Ciceronis)
646 1995 729 2043 hortos
745 2007 853 2058 preterea
870 1996 987 2041 Ciceroni
1003 1992 1056 2042 fore
1072 2005 1106 2041 te·

210 2074 213 2081 ·
233 2056 339 2115 quietem
351 2053 392 2106 suae
404 2058 539 2114 tenebititis}
554 2074 605 2120 que
616 2061 665 2117 iarn
676 2056 818 2107 adventabat
831 2091 838 2114 ,
854 2057 891 2103 ves
908 2057 991 2120 potius
1008 2056 1087 2104 aderat
1098 2068 1105 2102 t

162 2155 168 2163 .
233 2118 502 2180 quodnunccicerose
515 2135 712 2184 quercumque,
729 2120 837 2180 adeoque
852 2121 966 2169 moeroris
983 2122 1011 2168 δι
1027 2115 1107 2181 despe-

232 2182 331 2233 rationis
345 2183 427 2243 psenus
438 2182 485 2238 est,
502 2197 527 2230 ut
537 2184 567 2231 de
579 2184 624 2234 illo
634 2186 683 2241 jam
694 2183 773 2235 astum
784 2181 829 2232 etse
840 2181 916 2238 dicat,
935 2195 981 2230 nec
994 2182 1018 2230 se
1030 2182 1105 2231 videte

236 2246 363 2305 quomodo
373 2242 415 2293 sibi
427 2246 452 2293 in
463 2246 535 2294 tantis
547 2247 615 2294 malis
627 2249 652 2294 δι
669 2259 719 2294 tarn
733 2247 800 2310 gravi
813 2246 866 2294 casu
882 2246 952 2306 quies
965 2243 1108 2295 delectatio·

235 2319 283 2366 que
293 2306 336 2371 illa
348 2310 485 2370 contingere
499 2307 575 2370 possit.
596 2312 673 2358 Victor,
700 2310 822 2373 scripserat
834 2311 927 2358 Atticus
938 2308 1027 2371 scottos
1037 2310 1107 2358 eriam

235 2369 349 2416 Ciceroni
360 2370 410 2418 fote
420 2372 550 2433 requietem
563 2375 587 2420 dt
599 2370 709 2420 solatium
720 2369 762 2421 suae
778 2371 901 2421 senestutis
915 2387 922 2417 ι
944 2372 1015 2434 quod
1030 2372 1072 2421 itte
1087 2370 1108 2419 se

233 2445 314 2483 curare
330 2447 419 2496 negat,
437 2436 462 2482 &
479 2433 508 2481 de
522 2433 566 2482 isto
581 2437 629 2493 iam
645 2435 724 2483 abtum
740 2435 805 2492 esse,
832 2434 1041 2484 consectationem
1055 2433 1108 2482 filiae

233 2508 334 2564 querere
343 2494 407 2545 dicit.
425 2507 504 2560 epte.
520 2502 607 2561 Popma.
640 2500 709 2548 Solus
720 2514 801 2548 verum
808 2498 866 2547 vidit
880 2497 1012 2549 Corradus.
1046 2494 1111 2563 quod

232 2557 312 2606 scribis
323 2561 431 2611 iernen
446 2561 569 2622 ἐγγήραμα
584 2564 624 2611 urit
640 2565 775 2618 πσλιτώιν,
792 2564 911 2625 optimum
928 2561 1058 2612 stnefflltis
1069 2560 1112 2610 ob·

233 2621 406 2675 letiamenrum
416 2622 462 2672 esse
472 2620 528 2686 reip.
540 2624 722 2681 traditionem,
737 2624 803 2689 quod
818 2624 908 2674 dietum
919 2623 965 2672 fuit
980 2622 1051 2674 Prisci
1061 2628 1110 2673 Ca·

233 2687 313 2738 tonis,
329 2685 388 2733 mihi
399 2686 523 2749 prasertim
535 2687 628 2737 homini
638 2690 738 2738 antehac
748 2691 773 2737 in
784 2690 886 2752 negotiis
899 2686 993 2751 semper
1007 2685 1110 2745 versato,

234 2760 313 2806 toque
323 2763 362 2797 me
373 2764 468 2801 revocas
479 2751 504 2802 in
519 2748 600 2803 fotum
616 2755 641 2801 δι
649 2754 759 2808 curiam,
776 2750 844 2801 surdo
860 2752 926 2800 canis
938 2766 945 2797 a
962 2748 1026 2798 illud
1037 2751 1109 2811 ipprs·

235 2829 315 2868 pane,
330 2810 353 2857 id
365 2811 411 2866 est,
426 2811 552 2874 respublica
563 2813 607 2863 suit
618 2818 644 2865 be
655 2813 697 2866 srbi
708 2817 733 2865 dc
745 2816 817 2863 mihi:
835 2828 913 2874 neque
927 2811 977 2876 ipsa
993 2812 1107 2878 superest,

234 2886 279 2929 trec
288 2875 354 2937 quod
364 2877 413 2936 ejus
423 2873 520 2937 superest
528 2891 568 2924 me
578 2879 655 2942 tangit
667 2892 706 2925 aut
717 2877 800 2928 ducere
812 2877 896 2942 potest.
929 2874 1028 2931 Eodem
1040 2876 1109 2941 respi-

236 2937 269 2984 cit
279 2952 315 3000 ep.
324 2954 361 2989 zo.
374 2940 398 2986 dr
410 2957 448 2997 44.
464 2937 531 2998 hujus
542 2939 602 2989 libri.
635 2943 659 3000 J.
667 2946 693 2990 F.
701 2946 797 2992 Gronov.

268 3017 305 3057 51·
323 3005 548 3063 Tm'son·upation1'ius
560 3005 658 3064 ignosce]
672 3006 778 3067 Antiqua
789 3003 953 3066 exemplaria,
970 3007 1036 3065 cujus
1052 3018 1108 3051 occu·

231 3068 361 3125 parionibus.
392 3069 470 3127 Quare
486 3067 511 3114 bc
529 3080 573 3113 nos
589 3067 623 3114 ita
638 3067 774 3130 scripfimus.
816 3073 854 3116 De
870 3067 920 3116 Sica
935 3078 1020 3117 autem
1037 3065 1110 3114 adbuc

235 3125 340 3185 {oquitur
351 3163 359 3184 ,
375 3144 448 3189 quem
461 3129 532 3176 etiam
543 3128 605 3178 instit
615 3131 717 3186 ostendit
727 3135 750 3179 se
760 3130 891 3180 defiderate
902 3164 909 3186 ‚
926 3127 1057 3195 secumque
1066 3127 1109 3179 esse

235 3203 331 3250 cupere:
350 3190 485 3254 promiserat
498 3206 578 3239 autem
589 3194 630 3241 isse
640 3195 724 3242 litteris
737 3193 758 3242 se
769 3197 817 3243 cito
827 3192 858 3241 ad
870 3196 1018 3245 Ciceronem
1029 3207 1111 3243 vento·

202 3264 205 3271 ·
235 3267 302 3307 enm,
317 3257 460 3317 magnisque
472 3253 516 3302 suis
532 3257 725 3322 occupationibus
741 3258 792 3309 fieri
805 3257 915 3312 docuerat
929 3291 937 3314 ‚
953 3257 1024 3320 qubd
1039 3257 1069 3306 ab
1082 3270 1112 3305 eo

236 3314 313 3367 adbuc
324 3317 416 3366 abesset.
453 3319 530 3366 Virsor.

239 3388 357 3507 ὤϊξε
367 3385 433 3434 uicta
445 3381 609 3449 patefecisse]
624 3383 683 3440 uide
693 3388 789 3445 sueton.
803 3383 829 3441 iu
845 3387 956 3449 Gramm.
974 3383 1016 3442 ul.
1027 3397 1049 3433 c.
1062 3396 1112 3439 xit.

911 3582 931 3597 x
1000 3527 1039 3585 se·
1056 3518 1114 3572 Μ’.

1142 2414 1144 2457 s
