2296 3900
229 121 316 211 {³170
347 140 378 176 .·
401 123 540 201 brnen
582 89 1013 210 Tt-nrtttsnuermus

162 248 164 253 ’
232 241 291 319 ejus
306 245 485 321 exemplum,
504 246 551 306 sed
564 258 661 325 tamen
674 246 779 306 salvum
805 246 866 317 est,
887 246 959 304 ²0&
981 245 1024 304 ait
1046 246 1113 319 Tm

230 331 259 378 te
273 322 372 380 habere
387 335 541 400 oportere:
569 324 623 394 διὸ,
648 335 679 382 ut
700 321 854 393 recordor,
884 320 1029 385 unacum
1050 326 1112 387 illius

80 402 222 479 neamus.
232 397 417 474 objurgatoria
438 401 487 460 tibi
511 418 603 459 meam
627 418 766 477 quoque,
786 400 877 478 ,quarn
899 399 935 457 ad
958 407 1049 460 teum
1077 421 1113 462 rt·

231 473 410 549 scripseram,
433 476 506 537 mist.
544 474 910 550 2¹Judrciartm01estiaur
940 491 1055 536 caream
1074 481 1111 540 vi·

231 549 316 610 debis.
355 552 532 618 Tuditanum
552 554 657 624 istum,
677 572 814 630 proavum
836 550 1016 624 Hortensii,
1054 554 1110 615 lane

231 644 292 686 non
306 646 421 698 noram;
444 632 473 689 ἃ
486 630 572 690 filium
590 674 598 700 ‚
619 633 749 707 quitum
772 649 830 689 non
852 641 985 705 potuerat
1007 573 1109 690 edele-

231 715 325 778 gatus,
341 703 418 764 fuisse
431 719 564 782 putaram.
584 709 759 766 Mummium
780 703 858 766 fuisse
880 705 915 764 ad
937 705 1107 768 Corinthum

233 797 288 854 pro=
299 794 375 840 certo
391 782 490 843 habeo.
527 784 599 860 saepe
614 785 690 843 enim
704 785 750 842 hic
763 784 896 858 Spurius,
917 783 1009 859 aqui
1024 780 1106 860 nuper'

233 856 297 928 est,
323 859 446 944 epistolas
473 862 542 921 mihi
563 861 756 947 pronuntiabat
782 857 959 932 {eversiculis
995 860 1108 1001 facetisa

1077 955 1091 997 a

262 1153 302 1191 ιο.
318 1142 349 1186 Et
359 1138 392 1183 ait
403 1139 455 1191 Tt‘rt
464 1149 485 1185 te
494 1138 567 1187 hubert
576 1150 680 1203 oportum
697 1139 724 1192 dt*
733 1150 758 1191 ut
768 1137 882 1196 tacendam]
896 1139 968 1187 Hanc
978 1135 1105 1189 lellionem

230 1197 446 1309 sequiturgunius,
462 1216 540 1263 quanr
546 1203 654 1252 Lambin.
667 1199 798 1265 improbat,
809 1201 1001 1264 'illud,oporrere,
1017 1201 1105 1263 irrepti⁴

232 1264 292 1319 tium
302 1264 339 1312 etri
361 1263 450 1319 imant,
464 1266 606 1328 conjicitque
617 1264 682 1329 posse
694 1265 754 1328 legi,
771 1266 796 1316 dt
807 1268 841 1311 ait
849 1268 901 1311 Tiro
912 1264 971 1325 apud
981 1258 1002 1310 're
1011 1262 1062 1324 effe,
1079 1264 1103 1314 d·

231 1340 331 1375 attrecta.
349 1324 450 1388 sequitur
459 1340 541 1374 tamen
553 1328 645 1376 codices
657 1333 759 1377 Mernm.
772 1327 864 1377 Huralt.
872 1325 1104 1390 llt'rornaesuuiha·¹

232 1386 302 1446 bent,
318 1391 344 1440 d?
356 1392 390 1434 air
401 1392 453 1436 Tiro
464 1403 484 1436 re
494 1393 580 1438 labere.-
598 1393 623 1443 (α’
635 1404 659 1438 ut
669 1409 709 1439 rec.
721 1393 766 1442 sat.
799 1390 886 1445 Cleric.

105 1464 108 1482 ¹
193 1470 201 1485 ··
265 1469 302 1503 21.
319 1453 429 1512 Judt'ct'ali
437 1455 532 1512 molestia
542 1467 566 1501 ut
579 1461 681 1513 caream]
696 1453 812 1516 Judicatu.
828 1468 910 1517 ep.14.
928 1449 971 1502 lib.
979 1466 1030 1503 ΧΠ.
1047 1465 1103 1517 um

232 1514 273 1569 vix
290 1529 317 1565 ac
329 1530 360 1563 ne
375 1516 414 1563 vix
429 1517 527 1580 quidem
542 1515 651 1580 potuiffet
670 1519 760 1566 Atticus
775 1530 875 1577 cavere,
891 1529 922 1562 ne
938 1515 993 1578 quis
1004 1516 1102 1579 parroci-

229 1579 298 1627 nium
309 1580 335 1627 δι
350 1584 447 1640 operam
458 1581 579 1628 Ciceronis
589 1582 613 1628 in
624 1578 714 1640 judiciis
726 1578 865 1644 postularet:
885 1577 924 1625 sed
938 1590 1034 1641 poterat
1051 1592 1102 1641 pro·

230 1641 322 1698 videre,
338 1642 375 1688 vel
387 1656 417 1688 ne
428 1640 474 1691 sors
486 1643 533 1702 ejus
546 1642 693 1698 educeretur,
710 1646 762 1700 vel,
774 1643 792 1692 fi
802 1640 857 1692 effer
866 1640 964 1697 educta,
981 1654 1007 1690 ut
1019 1640 1099 1704 aliquis

230 1705 280 1762 ejus
293 1706 353 1816 dom
372 1703 508 1764 judicaret,
550 1709 575 1755 δι
594 1705 642 1777 ipse
662 1709 748 1769 Cicero
763 1704 872 1756 molellia
886 1704 994 1768 judiciali
1009 1716 1101 1755 careret.

230 1774 317 1818 Corra.
558 1806 560 1810 s
627 1769 629 1778 ’
1100 1771 1103 1777 ’

260 1848 299 1882 22.
315 1834 366 1895 Qt'
380 1846 444 1896 nuper
457 1829 504 1888 est,
529 1832 624 1896 epistolas
640 1835 698 1879 mibi
715 1832 866 1894 pronunciabat
881 1828 996 1890 verticulis
1009 1830 1099 1893 salim]

226 1895 291 1948 Mihi
301 1910 352 1943 non
363 1909 444 1959 parum
455 1894 545 1945 viderur
555 1895 593 1943 hic
603 1897 670 1944 loeus
681 1894 727 1945 esse
738 1896 877 1959 depravatus
889 1910 896 1942 a
916 1901 978 1954 nam
994 1907 1051 1943 ante
1064 1892 1099 1942 di·

226 1956 334 2007 &ionem
348 1959 445 2021 epistolas
467 1959 577 2008 nonnihil
587 1958 680 2008 videtur
689 1959 823 2008 desiderari:
841 1960 866 2007 δι
877 1970 920 2022 pro
933 1957 1021 2016 fallas,
1037 1957 1099 2006 anti·

226 2022 322 2083 quiores
338 2022 530 2085 probatioresque
550 2023 643 2071 codices
659 2024 729 2082 facies
753 2022 848 2071 habent.
882 2021 1004 2068 Nonnulli
1021 2021 1100 2080 facetia

226 2086 360 2149 corrigunt,
377 2101 437 2148 quos
448 2101 492 2132 nos
504 2120 511 2140 ‚
528 2087 643 2148 quoniam
655 2086 715 2134 nihil
726 2086 808 2134 melius
819 2084 932 2132 habemus
944 2116 953 2140 ‚
969 2082 1098 2146 sequimur:

227 2142 273 2194 lt'ee
282 2149 347 2196 enim
358 2150 451 2210 penitus
462 2147 602 2211 probamus:
619 2149 685 2211 quod
697 2147 739 2197 nifi
750 2145 900 2210 manuscripti
914 2145 1010 2196 codices
1025 2146 1101 2195 reela&

227 2223 337 2266 matent,
351 2225 468 2274 receptam
480 2209 509 2258 ab
519 2213 570 2258 aliis
581 2210 771 2271 leelionemnon
782 2210 957 2259 damnaremus.
980 2212 1097 2260 vidam.

225 2274 277 2336 Qu·
285 2287 350 2334 nuper
359 2273 407 2332 est]
422 2275 468 2336 Qui
480 2288 552 2336 nuper
563 2273 595 2321 est
607 2288 719 2322 mortuus.
735 2274 896 2326 enarrantur.
912 2271 973 2321 solet
984 2274 1051 2322 enirn
1057 2274 1101 2336 Οἱς

184 2352 186 2357 ·
225 2348 281 2403 cern
292 2334 340 2383 ltae'c
350 2336 419 2384 verba
430 2336 535 2400 refugere
546 2350 626 2399 ep.21.
645 2338 685 2386 lib.
699 2352 746 2386 vrr.
770 2336 856 2385 Corrad.
889 2337 934 2384 Vel
948 2335 1098 2385 esttlnoctti·

225 2415 311 2451 mett,
327 2398 418 2448 vitandi
428 2401 487 2447 mali
497 2401 601 2448 nominis
611 2399 694 2457 causi,
710 2402 748 2448 vel
761 2415 823 2454 vox,
839 2413 949 2454 mortuns,
965 2413 991 2448 ut
1002 2412 1017 2446 a
1028 2398 1100 2448 libra-

212 2461 267 2508 ¹riis
277 2458 379 2518 omissa,
394 2462 532 2523 restituenda
542 2461 582 2511 est.
616 2478 689 2526 quarn
699 2465 822 2513 Manutius
839 2460 941 2512 affirmat
953 2463 978 2510 in
989 2464 1046 2511 'uno
1055 2477 1099 2511 co·

224 2521 278 2572 dice
289 2525 388 2588 antiquo
400 2526 501 2589 reperiri.
522 2527 600 2574 codex
615 2525 717 2576 'rumas
734 2526 831 2598 quidem
847 2540 897 2573 non
912 2523 1003 2580 haber,
1020 2540 1101 2591 neque

223 2588 378 2636 Memmiani.
395 2591 499 2638 Lambr'n..
525 2589 621 2653 Vulgari
637 2589 730 2638 codices
745 2603 778 2638 tta
793 2587 915 2645 referunt,
931 2592 974 2651 qni
983 2601 1051 2652 nuper
1069 2588 1100 2648 ιβ

223 2665 329 2711 nonunt.
345 2650 419 2700 sedin
432 2652 500 2700 nullo
511 2652 669 2723 manuscripto
680 2655 859 2717 repetivocem‚
874 2665 979 2702 mortuus.
993 2664 1100 2715 eamque

222 2709 394 2776 supposititiam
409 2715 525 2763 existimo.
560 2714 645 2778 scripsit
656 2730 735 2764 autem
748 2717 845 2769 cicero,
861 2718 924 2777 quin
954 2713 1032 2772 erest,
1049 2729 1101 2777 qun

223 2772 312 2825 silentii
322 2790 380 2824 nota
391 2780 448 2826 mali
459 2778 547 2826 ominis
559 2779 655 2828 verbum
665 2780 755 2830 vitavit.
772 2793 829 2826 nam
840 2792 894 2825 curn
906 2779 931 2825 in
950 2778 1012 2826 ieare
1022 2779 1096 2829 vellet

223 2841 331 2903 Spurium
340 2840 408 2888 illum
420 2839 630 2898 mortuummare,
646 2843 721 2890 uoluit
733 2843 766 2890 uti
781 2839 898 2889 moriendi
915 2840 1007 2895 verbo,
1028 2841 1096 2905 quod

224 2902 421 2969 erardonitoattt,
448 2903 486 2954 sed
503 2903 596 2953 filentio
612 2904 637 2953 id
657 2904 815 2968 significavit,
841 2903 907 2967 quod
923 2905 1047 2968 proprium
1062 2904 1097 2954 est

223 2962 382 3033 mortuorum.
413 2970 519 3016 Romani
534 2968 651 3018 moriendi
662 2968 734 3017 verbo
751 2969 842 3016 malum
852 2967 951 3030 aliquod
963 2982 1041 3017 omen
1052 2970 1101 3031 ἰωῇ

222 3032 311 3093 portari
322 3027 455 3080 eredebant.
488 3031 575 3081 idcireo
585 3030 661 3080 dicere
670 3047 720 3079 non
731 3030 956 3092 solebant‘aliquem
974 3046 1097 3082 mortuum

224 3091 285 3148 else,
301 3092 339 3142 sed
350 3108 389 3142 aur
401 3091 495 3150 vixisse,
512 3108 551 3142 aut
562 3094 641 3151 fuisse,
658 3094 862 3157 quemadmodum
869 3093 939 3142 refert
951 3093 1096 3146 Plutarchus.

224 3153 305 3214 Bostar.
339 3164 470 3221 Apponunt
482 3157 534 3206 libri
545 3158 634 3220 vulgati
645 3159 755 3206 nonnulli
772 3158 799 3216 est
814 3170 927 3212 mortuus,
945 3159 984 3207 alii
1002 3172 1097 3209 tantum

225 3219 254 3264 nl
264 3217 312 3276 est,
328 3235 357 3268 ex
369 3235 418 3282 quo
429 3217 508 3267 Bofius
523 3219 579 3270 fecit
598 3236 637 3269 sn.
650 3235 734 3269 notam
749 3219 835 3269 filentii
850 3221 965 3269 hocloco
980 3224 1062 3271 minus
1072 3236 1098 3272 a·

226 3293 302 3344 ptam.
335 3287 394 3330 Non
406 3284 470 3331 enim
481 3283 556 3330 voluit
567 3285 690 3343 moenaio
699 3286 773 3333 vitare
782 3285 807 3332 in
817 3283 916 3332 nomine
926 3285 1014 3334 mortis
1025 3319 1033 3343 ‚
1045 3289 1099 3350 'quo

228 3343 301 3391 utitur
311 3343 357 3393 hoc
367 3345 419 3409 ipso
430 3345 471 3394 lib.
488 3360 525 3407 ep.
536 3362 574 3404 42.
591 3344 629 3394 sed
644 3359 670 3394 ut
686 3349 711 3395 in
727 3362 751 3395 re
767 3358 825 3394 nora
837 3345 929 3401 concise
944 3348 1040 3397 locutus
1058 3340 1105 3400 esl.'

227 3406 368 3472 intelligitur
378 3421 457 3456 autem
468 3406 565 3455 verbum
571 3407 633 3466 fuit,
649 3411 688 3457 vel
698 3413 773 3470 venit,
789 3411 827 3456 vel
837 3410 865 3467 est
875 3424 982 3462 mortuns.
998 3416 1103 3476 Popma.'

228 3467 290 3523 vide
301 3472 396 3525 Gruteri
406 3469 552 3540 suspiciones
566 3469 607 3525 lib.
615 3487 634 3527 r.
650 3486 701 3540 cap.
711 3487 747 3534 14.
778 3475 874 3524 Gronov.
1094 3471 1096 3478 '

241 3537 261 3555 '⁴
460 3543 487 3569 ²
551 3536 556 3547 “’
692 3562 695 3567 ·
792 3539 804 3546 ”
927 3552 931 3571 ’
994 3541 1107 3603 aaron:

841 3742 855 3767 S
