2296 3900
194 146 276 215 1668
349 98 553 214 *Lina
595 108 988 251 Uunpcruoo
1078 128 1083 137 ’

436 349 838 400 ariston-xxm.

413 519 596 580 CICERO
623 518 820 580 ATTICO
849 518 876 578 S.

175 714 179 723 ·
266 689 353 750 Uota
375 688 410 749 ad
428 701 458 750 te
480 689 658 766 scripseram,
678 699 746 747 aaut
766 705 831 746 cum
856 684 979 746 Camillo
1002 690 1083 748 coni*

286 769 455 845 munitates,
476 767 511 825 de
527 785 562 824 eo
576 765 710 825 ¹Camillus
733 765 801 822 milri
824 761 979 840 5⁰scripsrt‚
1001 765 1028 824 se
1042 777 1082 823 te·

204 858 271 903 cum
284 845 422 903 locutum.
459 855 519 918 tuas
532 843 632 901 litteras
648 841 845 917 exspectabam.
886 842 951 899 5¹ni
965 839 1083 901 srcillud
1115 840 1120 853 '

60 942 158 1005 suque
207 921 323 998 quidem
344 923 461 990 mutari,
480 920 500 978 fi
521 920 598 977 aliter
617 919 671 988 est;
691 919 738 976 f&
759 928 895 993 oportet,
915 936 977 976 non
998 917 1080 977 video

59 1020 100 1072 op.
113 994 285 1075 ronnpoffe
301 1040 311 1068 ,
338 998 419 1074 ΡΜ
440 1017 498 1056 cum
514 995 534 1054 ti
556 994 628 1054 nullo
641 993 781 1074 accepiffem
794 994 914 1065 litteras,
935 992 1080 1070 desideravi

1007 1088 1081 1129 tuas:

108 1238 113 1249 ¹
180 1280 184 1293 ,
206 1227 281 1281 trium
288 1229 459 1294 exemplarium
469 1231 583 1280 varietate
593 1242 644 1276 nort
652 1238 742 1275 temere
753 1224 819 1274 locos
831 1223 955 1275 emendati
966 1222 1083 1275 videnlur.

209 1298 237 1343 P.
245 1298 333 1344 Manat.

241 1375 280 1417 49.
296 1362 329 1403 vt
339 1373 386 1403 cnm
397 1358 488 1404 camillo
500 1358 682 1412 communicaren]
702 1357 757 1402 Hoc
768 1351 824 1416 quid
837 1349 892 1400 effet
904 1385 911 1408 ,
929 1351 959 1401 de
977 1365 1029 1417 quo
1040 1354 1085 1398 tlt-

128 1476 130 1481 ,
207 1419 284 1469 ticum
295 1422 471 1468 communicare
482 1432 537 1466 cum
548 1419 656 1466 Camillo
668 1417 762 1464 volebat
775 1452 781 1469 ,
796 1415 897 1464 ostendit
913 1430 950 1479 ep.
964 1431 989 1472 7.
1006 1420 1085 1463 Extre-

208 1499 282 1539 mum,
299 1483 389 1546 inquit,
406 1482 452 1539 est,
465 1485 521 1546 quod
535 1496 555 1528 te
564 1498 633 1537 orem,
649 1499 695 1526 eum
713 1481 802 1527 camillo
817 1482 977 1535 communiter,
1005 1493 1030 1526 ne
1044 1481 1087 1525 Te·

207 1551 302 1592 rentiam
311 1552 413 1592 moneatis
424 1548 450 1593 de
460 1545 587 1602 testamento.
621 1549 715 1608 Easque
726 1545 815 1599 littaris
831 1541 868 1590 hic
877 1538 997 1606 fignificat
1008 1575 1017 1600 ,
1030 1553 1085 1589 cum

212 1606 287 1663 dicit,
302 1610 368 1672 Qod
380 1612 409 1656 ad
423 1609 583 1671 rescripseram.
617 1607 691 1658 Idem.

247 1687 283 1728 ςο.
299 1673 387 1733 Scrrpfir
396 1685 417 1719 te
425 1689 472 1718 cum
483 1689 504 1716 eo
516 1673 629 1728 locarunt
644 1673 718 1717 Secum
735 1665 826 1716 dixiffet
841 1666 982 1716 Laurentius
988 1666 1086 1716 Vallen-

213 1731 259 1790 srs,
275 1731 317 1782 nifi
329 1749 382 1784 cum
394 1750 424 1783 eo
437 1735 565 1791 lhilotimo
577 1748 702 1797 exponas:
719 1748 766 1796 ego
777 1745 859 1779 tamen
876 1765 883 1787 ,
898 1745 954 1778 cum
971 1745 1002 1778 ea
1022 1733 1087 1796 lege·

213 1811 279 1853 tem,
296 1810 320 1845 ut
332 1801 469 1847 Terentiam
480 1790 610 1861 significet,
626 1811 698 1858 quam
710 1797 738 1845 ab
752 1796 832 1844 Attico
843 1797 868 1842 &
881 1793 993 1842 Camillo
1004 1806 1088 1842 moue·

210 1861 235 1909 ti
245 1859 340 1910 volebat
351 1877 387 1925 ep.
398 1870 433 1911 16,
451 1861 474 1909 h,
486 1860 501 1907 l.
520 1874 544 1907 ut
556 1861 611 1909 hinc
623 1859 720 1916 dixerit,
737 1861 761 1906 in
773 1858 906 1907 sermonem
930 1855 1035 1914 venilii,
1049 1866 1086 1921 ep.

214 1921 265 1986 seq.
282 1923 367 1987 quidli
382 1927 448 1990 legas
467 1925 520 1973 itu?
536 1924 634 1984 scripfit3
651 1925 719 1983 secum
736 1924 867 1970 collocutum.
886 1919 989 1969 cortad.
1009 1925 1087 1969 Anto·

215 1987 319 2043 nianus,
347 1990 431 2038 Faerni
457 2000 529 2051 atque
548 1987 608 2044 alii,
625 1988 729 2048 Scripfiffe
751 1989 850 2032 lantum.
883 1988 914 2032 Et
937 1984 1085 2032 conveniunt

214 2064 271 2099 cum
283 2053 441 2107 Manneianis,
457 2063 481 2096 ut
493 2049 522 2098 ad
534 2051 648 2097 letiorem
662 2047 775 2113 loquendi
787 2048 905 2101 formam,
917 2047 1005 2109 scripfit
1016 2046 1088 2108 seem

216 2116 322 2170 locurum,
338 2116 415 2162 reduci
431 2112 519 2176 pollit:
535 2127 585 2176 quo
595 2112 669 2160 modo
687 2111 850 2160 emendatura
868 2109 957 2159 Paullo.
991 2109 1091 2172 Mahsp.

215 2175 361 2225 Crusellinus
372 2177 460 2231 codex,
478 2191 497 2221 te
503 2177 575 2236 secum
585 2179 703 2239 loquutum.
731 2181 882 2230 Decuttatus,
894 2174 999 2233 feretur»
1008 2175 1089 2238 loquu-

214 2251 277 2295 tum,
292 2239 400 2291 utedtdi.
434 2240 512 2289 Bonus,

253 2317 288 2358 51.
306 2309 338 2350 Ne
349 2303 381 2360 fic
395 2304 453 2350 illud
463 2303 550 2365 quidem
564 2305 665 2360 mutari]
696 2307 751 2350 Puta
766 2301 830 2367 qood
848 2315 902 2349 cum
918 2298 1034 2350 Terentia
1048 2311 1091 2365 ge·

216 2363 278 2415 stum
295 2367 381 2414 mutari
395 2368 529 2414 interventu
546 2365 645 2413 Camilli
657 2369 744 2415 &tuo
778 2371 808 2413 Ni
817 2381 859 2429 pro
871 2382 895 2411 ne
905 2365 966 2412 olim
978 2362 1092 2426 scriptum

218 2426 287 2478 fuifl‘e
296 2427 400 2477 constat:
417 2444 446 2476 ert
459 2446 497 2473 non
508 2426 558 2475 fieri
570 2445 624 2474 nunc
633 2430 683 2477 usus
695 2428 778 2485 docte,
795 2431 855 2476 tatio
867 2427 978 2489 pollulat.
995 2427 1088 2486 Jnnius.

220 2493 337 2553 Loquitur
348 2491 377 2540 de
388 2491 529 2541 testamento
539 2491 668 2549 Terentia,
684 2491 713 2540 de
725 2506 773 2553 quo
785 2489 901 2554 scripserat
911 2506 924 2537 e
940 2497 993 2540 ηε.
1010 2493 1091 2537 utAt·

218 2557 279 2605 ricus
294 2570 348 2604 cum
365 2557 470 2604 Camillo
485 2557 688 2612 communicaret,
704 2561 767 2603 'suas
784 2557 873 2603 litteras
889 2506 1037 2617 eitipiestavi,
1053 2552 1093 2601 iu·

218 2622 285 2683 quit,
301 2618 396 2682 utquid
412 2620 490 2668 aetum
506 2614 560 2666 ellet
578 2618 741 2682 intelligerem.
776 2624 946 2666 vemmtamen
961 2614 1095 2665 testamen·

220 2695 273 2730 tum
284 2680 301 2730 sr
312 2682 380 2730 aliter
391 2683 481 2730 sallum
496 2679 527 2728 est
545 2695 616 2743 atque
632 2681 775 2746 oportebat,
793 2681 877 2729 mutari
892 2683 940 2739 jam
957 2694 1009 2726 non
1024 2675 1094 2742 porse

219 2746 299 2809 video.
333 2747 381 2803 Nrst
391 2761 433 2809 pro
445 2747 483 2806 sed
493 2744 611 2808 usurpatur
621 2745 682 2807 apud
698 2751 829 2799 (tatonem,
846 2745 1004 2797 Terentium,
1020 2742 1093 2789 Plau·

220 2820 273 2856 tum
286 2810 311 2857 δε
323 2809 383 2855 alios
396 2843 403 2865 ,
421 2821 445 2856 ut
457 2807 538 2856 notavi
550 2806 579 2854 ad
591 2811 711 2856 Catonem
723 2809 795 2856 delle
806 2807 906 2855 Rustica.
925 2812 1013 2868 Popma.
1035 2800 1104 2852 nal-¹

218 2871 272 2922 liol.
289 2872 313 2920 ἃ
325 2871 423 2920 Helmst.
437 2872 490 2930 nifi,
507 2870 570 2932 quod
583 2870 644 2918 relic
654 2874 751 2935 exponit
768 2873 921 2920 Manutius&
933 2885 989 2918 eum
1001 2866 1093 2916 secutus

189 2953 195 2969 ,
220 2939 319 3000 Popma.
353 2936 488 2992 iustitium]
508 2935 553 2981 Hic
568 2931 642 2982 diliio
660 2937 707 2989 alifi
723 2936 785 2984 idem
803 2934 851 2983 fere
871 2932 1007 2998 fignificat,
1023 2929 1091 2995 quod

214 2999 269 3061 βάς
286 3010 312 3047 ut
324 2998 349 3045 in
359 2997 423 3061 epist.
436 3001 464 3045 ad
478 2997 629 3047 Memmium.
647 2998 686 3047 lib.
697 3014 758 3049 rtur.
777 3014 812 3062 ep.
824 3013 843 3046 t.
862 3005 919 3054 Nec,
936 3013 976 3044 cur
992 2997 1092 3042 illene·

220 3075 287 3125 erpere
301 3063 410 3108 contendat
424 3063 500 3116 video,
517 3078 564 3116 nec,
580 3078 617 3107 cur
631 3076 655 3108 tu
670 3075 780 3124 rapugnes:
796 3062 837 3118 nr'fi
851 3070 919 3107 tamen
934 3062 1003 3107 multo
1020 3061 1095 3105 mim

219 3128 262 3173 tibi
281 3127 362 3172 concedi
378 3125 442 3186 poreffl
464 3125 532 3187 quam
550 3127 587 3170 itti
612 3126 707 3171 laborare
728 3127 772 3184 fine
789 3127 858 3184 causa.
893 3129 923 3171 Et
952 3123 986 3172 ad*
1002 3120 1093 3186 Philip·

220 3203 291 3254 pum,
308 3187 394 3236 eodem
405 3187 466 3234 libro
478 3202 513 3249 ep.
529 3202 565 3240 13.
589 3194 622 3234 De
638 3204 657 3235 te
672 3190 729 3236 niln'l
743 3188 821 3250 pofflam
838 3188 952 3244 fodicarr5
975 3183 1016 3241 nist
1031 3185 1092 3232 illul

221 3255 279 3298 mihi
293 3265 345 3296 certe
360 3252 486 3309 persuadeo,
501 3264 522 3295 te
536 3253 602 3297 ratem
612 3256 687 3298 virum
698 3254 756 3298 nihil
765 3267 840 3297 temere
857 3250 929 3308 fectffi.
959 3251 1088 3300 RMinut.

253 3329 290 3370 52.
308 3314 350 3358 Sed
360 3316 432 3358 cuma
447 3315 505 3367 nullo
516 3314 632 3375 accepiffem
648 3318 748 3370 lr'rreras,
764 3315 883 3370 destinavi
894 3319 967 3370 tuan]
997 3310 1097 3360 Accidit

220 3374 424 3424 hocinomnibus
439 3374 525 3431 rebus,
540 3389 566 3422 ut
582 3375 698 3434 arbitror,
724 3391 749 3426 ut
765 3392 817 3424 cum
835 3376 938 3437 aliquem
954 3374 1049 3424 sincerae
1067 3376 1094 3424 δι

218 3438 326 3504 spellatae
337 3436 393 3486 fidei
403 3437 460 3503 saepe
470 3444 579 3502 expertus
589 3439 659 3488 fueris
671 3477 678 3499 ,
696 3456 744 3488 non
758 3437 829 3488 facile
841 3438 912 3503 pollis
922 3453 978 3487 eum
989 3436 1095 3488 menda·

214 3516 270 3555 cem
282 3499 430 3552 caminate:
447 3501 494 3554 hoc
505 3516 602 3569 quoque
612 3505 673 3558 mihi
682 3500 780 3560 fortasse
789 3504 868 3556 everrit
879 3503 905 3555 in
915 3500 963 3554 ltoc
977 3515 1093 3576 menan·

274 3598 279 3606 ι
1023 3577 1094 3629 teque
