2296 3900
253 116 333 167 2012
387 152 391 159 .
436 99 573 167 bruun
616 100 1033 171 Sextusoecrtrus'
1130 136 1135 147 ·

96 210 148 287 tin
158 209 226 261 rebus
249 206 349 271 statim.
387 215 448 291 quis
462 214 576 276 veniet?
596 216 763 287 stvenerit,
782 218 868 293 quis,
884 215 999 275 incertis
1019 210 1128 285 ¹rebus,

97 275 150 322 “¹'-
251 286 378 348 offendet
399 291 587 352 Antonium?
614 294 674 353 Kal.
693 296 753 369 Jan.
775 295 828 352 erit
847 288 958 352 sortasse
973 290 1127 367 praesidio:

96 353 116 404 Ι(
129 367 189 435 13¹¹t⁰
250 377 298 422 aut
311 366 426 442 quidem
442 368 506 429 anti
522 370 729 448 depugnabitur.
766 372 878 447 kpuero
892 366 1050 445 municipia
1063 367 1127 427 miri

95 419 168 471 ω·
250 439 355 501 favent.
393 446 445 503 iter
474 448 550 505 enim
571 450 675 507 faciens
697 451 726 508 in
749 447 896 506 Samnium
918 446 1126 531 venit-Cales,

250 519 350 579 mansit
363 520 466 583 Teani.
504 525 620 584 mirifica
633 526 788 591 ἀπάντησις
818 526 851 583 &
870 522 1048 582 cohortatio.
1074 522 1125 579 hoc

250 603 282 651 tu
295 597 425 671 putares?
444 601 483 659 ob
502 602 558 660 hoc
574 618 628 676 ego
649 600 727 660 citius
749 603 874 661 Romam
909 598 1003 683 quim
1029 599 1125 657 consti·

97 672 211 749 liopor.
247 679 367 731 tueram.
404 674 484 735 simul
499 696 531 737 ac
554 678 724 737 constituero
749 677 873 736 scribam.
906 675 982 733 ¹Etst
998 675 1122 735 nondum

94 737 197 811 “3⁸³⁸“
247 746 434 822 stipulationes
452 754 572 829 legeram
601 755 667 829 (nec
688 755 766 813 enim
787 754 857 812 Eros
870 753 1012 829 venerat)
1032 766 1122 815 tameu

93 810 153 925 22⁸.ss
164 816 222 847 m*
246 840 306 882 tem
328 828 415 900 pridie
442 830 502 889 idus
525 832 608 890 velim
636 831 775 891 conficias.
811 829 948 905 Epistolas
971 828 1123 899 Catinam,

93 936 122 971 m
136 929 230 977 Tmo.
247 901 520 978 ”Tautomenium
540 908 682 984 Syracusas
702 906 882 966 commodius
910 907 1029 964 mittere
1050 920 1121 981 pote-

93 1000 186 1039 tnenon
247 993 299 1047 ro,
319 989 331 1032 5
347 979 507 1044 stValerius
527 988 657 1062 interpres
676 986 712 1044 ad
732 1002 779 1043 me
798 984 919 1042 nomina
938 981 1117 1057 gratiosorum

92 1050 145 1102 otii.
245 1052 384 1130 scripserit.
421 1060 466 1119 alii
479 1064 555 1121 enim
569 1063 630 1122 suut
642 1061 730 1131 aliis,
749 1059 892 1137 nostrique
912 1058 1067 1119 familiares
1083 1062 1119 1117 se·

245 1146 276 1188 re
297 1133 445 1195 demortui.
482 1137 589 1214 publice
610 1151 706 1199 tamen
726 1136 839 1213 scripsi,
872 1135 895 1195 fi
915 1136 963 1195 uti
984 1136 1068 1195 velet
1084 1136 1116 1221 eis

246 1205 394 1279 Valerius:
415 1225 462 1272 aut
483 1216 551 1275 mihi
571 1216 688 1278 nomina
708 1216 839 1279 mitteret.
877 1210 953 1279 ⁶De
977 1212 1115 1289 Lepidam

94 1290 183 1343 nferis
242 1285 338 1353 ¹¹striis
352 1288 447 1349 Balbus
461 1291 495 1351 ad
510 1310 564 1351 me.
603 1293 700 1369 Usque
714 1290 748 1350 ad
763 1308 804 1349 ιι.
825 1288 939 1349 kalend.
963 1288 1114 1367 exspertus

92 1352 144 1403 ‘¹3¹'-
244 1370 303 1421 tuas
316 1363 438 1425 litteras:
459 1367 570 1445 ideque
592 1368 733 1445 Torquati
753 1367 901 1443 negotiolo
923 1364 1055 1453 sciturum
1067 1384 1113 1441 pu-

245 1448 286 1497 to.
325 1443 424 1515 Quinti
438 1444 538 1504 litteras
552 1445 586 1504 ad
608 1457 637 1504 te
660 1444 745 1514 mist,
771 1457 802 1503 ut
829 1444 910 1504 scires
931 1460 1017 1519 quarn
1039 1442 1111 1505 valde

245 1530 311 1579 eum
326 1532 448 1589 amaret,
467 1538 553 1597 quern
567 1522 644 1581 dolet
658 1521 674 1581 'a
689 1535 717 1581 te
737 1518 826 1579 minus
848 1521 952 1578 amari.
993 1519 1105 1587 Atticae,

242 1594 400 1666 quoniam,
420 1597 498 1673 quod
518 1600 659 1674 optimum
679 1599 707 1657 in
729 1598 817 1673 pueris
838 1597 901 1672 est,
923 1596 1037 1657 hilarula
1052 1594 1109 1664 ess,

244 1670 314 1727 meis
329 1672 415 1731 verbis
428 1673 552 1741 suavium
568 1675 624 1736 des.
662 1675 742 1739 Vale.
1035 1754 1105 1801 w

277 1888 298 1929 ς.
313 1876 342 1923 Si
353 1878 449 1925 Veserim
461 1882 537 1927 Mirm
546 1883 575 1928 od
583 1898 617 1927 me
626 1880 713 1926 nomino
719 1879 860 1942 gratiosorum
870 1879 982 1940 miserim]
994 1881 1053 1927 Sunt
1062 1874 1108 1927 sani

244 1934 269 1983 ln
280 1938 327 1986 hoe
335 1941 407 1989 etiam
423 1943 523 1991 nomine
533 1943 623 2007 antiqui
642 1941 735 1991 codices
752 1942 888 1997 deminuti,
911 1945 1068 1999 statatum,
1088 1954 1109 1989 ιι

242 2014 293 2048 nou
304 2004 499 2064 partumsincerae
511 2006 749 2070 lestionisvesligium
759 2008 883 2055 retineant:
896 2004 932 2053 sic
942 2004 1107 2059 entmhabenn

241 2067 266 2109 o'o
280 2078 347 2112 tros.-
368 2082 440 2131 quate
455 2074 556 2133 interpres
574 2069 708 2120 emendavi.
741 2074 778 2117 De
798 2070 893 2117 valerio
915 2069 968 2117 hoe
988 2070 1109 2132 interprete

239 2126 312 2177 eriam
323 2132 399 2193 primo
410 2131 471 2181 libro
486 2132 569 2183 harum
585 2132 743 2197 Epistolarum
762 2133 832 2196 agir,
851 2138 888 2179 De
904 2150 929 2179 eo
946 2135 1008 2181 mibi
1022 2136 1108 2179 Vosetiot

239 2192 341 2254 interpres
352 2201 453 2251 nuntior,
469 2199 514 2249 dyc.
548 2197 636 2246 νίἃοῐ.

269 2260 291 2302 6.
308 2260 344 2302 Do
353 2261 551 2319 Lepidsoisferiu]
566 2264 675 2309 Putemus
685 2260 708 2307 le
725 2259 732 2307 i
747 2270 875 2322 oportere:
889 2259 1029 2319 Lepidianis
1038 2260 1108 2321 soriis,

237 2326 270 2367 ut,
280 2313 393 2378 fignisieer
408 2320 458 2369 dies
473 2324 498 2371 in
519 2323 624 2387 auspiciis
639 2275 724 2387 Lepitfi
739 2320 865 2385 descriptos
879 2332 919 2383 ep.
934 2336 956 2376 5.
976 2322 1105 2374 Ιι.1.ἰειϊ

237 2386 288 2425 tem
298 2380 388 2431 videtur
397 2382 444 2431 esse
454 2389 489 2434 M.
502 2388 616 2449 AEmylius
626 2386 728 2449 Lepidus
741 2390 810 2433 sont.
827 2388 898 2432 Max.
910 2387 982 2441 cujus
994 2399 1103 2449 pronepos

237 2442 333 2552 {til
350 2448 393 2556 ‘ll
402 2444 1105 2573 ‘’iliulldllmilrti.dilutio-‘lim

236 2565 284 2615 visa
294 2567 340 2627 eil,
352 2572 420 2631 feriis
430 2573 592 2623 emendantis:
610 2590 635 2623 ut
650 2576 666 2623 ii
680 2574 731 2623 dies
740 2574 817 2623 intelli
865 2586 919 2629 tur,
953 2588 1003 2623 uos
1014 2574 1104 2641 superus

236 2630 269 2704 aig
284 2633 308 2680 in
326 2635 430 2699 auspiciis
451 2635 587 2707 descriptos.
619 2644 677 2701 Quo
693 2651 795 2694 tamen,
815 2586 907 2686 qoem
918 2588 971 2711 eil,
997 2642 1105 2713 Lepidais

235 2705 308 2743 ettam
319 2697 410 2749 viderur
419 2696 465 2747 esie
476 2701 618 2765 legendum,
634 2714 664 2748 ne
674 2715 688 2747 a
701 2705 734 2749 Le
751 2698 813 2757 idio,
824 2714 875 2749 nou
884 2700 1000 2765 Lepido,
1015 2704 1104 2753 videon·

233 2760 381 2812 rutindistae.
399 2763 493 2826 Molosp.
510 2766 625 2826 Quamvis
641 2778 726 2812 omnes
736 2716 788 2812 fibri
803 2778 937 2835 repugnent
959 2767 988 2815 δι
1003 2780 1104 2825 renuent,

233 2819 296 2867 lianc
307 2836 387 2874 tamen
400 2827 501 2876 Corradi
516 2829 676 2886 eonieauram
690 2828 776 2891 recepit
793 2832 892 2880 nouus,
909 2830 936 2877 δι
948 2844 1011 2879 etun
1022 2830 1102 2880 mount

233 2886 360 2942 Gruterus,
368 2890 465 2952 quibus,
482 2888 592 2955 poscente
604 2889 627 2937 ld
638 2888 754 2937 sententia
763 2890 823 2946 loei,
831 2904 856 2937 ur
868 2904 899 2939 ex
910 2892 1019 2953 epistola
1028 2896 1104 2958 quinto

235 2945 304 3007 hujus
314 2950 368 3007 libri
378 2952 468 3002 eonslar
479 2987 486 3011 ,
503 2954 540 3002 hic
551 2953 608 3002 odili
626 2953 725 3002 ulamur.
758 2952 819 3001 seriae
828 2953 895 3001 eninr
906 2956 1042 3019 Lepidam:
1051 2956 1104 3015 iton.

232 3024 294 3123 ¹quar
309 3014 396 3064 indixit
417 3016 517 3079 Lepidus
539 2968 648 3066 remisere
664 3016 787 3065 Maximus
802 3016 827 3063 in
847 3014 880 3063 sui
895 3018 1056 3079 pontificatus
1068 3036 1105 3069 att-

244 3075 332 3136 pielis,
351 3078 382 3128 de
400 3080 484 3144 quibus
504 3082 529 3130 in
548 3081 590 3130 illa
605 3081 689 3145 quinta
703 3114 712 3138 ,
725 3094 799 3145 quam
818 3078 988 3142 laudavimus,
1002 3082 1104 3147 epistola.

236 3142 258 3183 (ι’
271 3159 286 3187 a
304 3145 348 3192 ιἰι.

260 3158 382 3268 rvaseque
390 3212 511 3273 Torquato,
525 3211 583 3267 dre]
609 3205 655 3257 Hic
665 3207 731 3257 loeus
742 3204 867 3269 depravate
879 3205 905 3253 in
916 3204 1039 3271 impressis
1049 3210 1105 3276 legi·

232 3278 283 3323 tut,
299 3267 374 3317 sedin
386 3270 547 3336 manuscriptis
562 3286 612 3319 non
623 3270 700 3327 resti,
718 3274 752 3321 ita
761 3266 921 3328 timemus
936 3272 1046 3334 primam
1055 3274 1105 3325 lire·

232 3346 285 3379 ram
292 3331 387 3381 tantiam
397 3349 533 3397 permutes,
547 3349 601 3383 eum
612 3333 810 3400 lestione,quam
821 3336 847 3384 in
860 3332 948 3383 nostro
964 3336 1048 3395 vides,
1067 3353 1106 3387 eo·

228 3408 283 3443 tum
297 3390 407 3456 scriptura
421 3400 565 3448 conveniet:
594 3406 651 3446 narn
672 3404 712 3447 To
741 3400 789 3448 uari
810 3396 915 3447 sectrudo
936 3398 995 3451 easu
1016 3404 1043 3451 iro
1063 3402 1107 3451 iltis

227 3458 352 3521 eriamtst.
386 3461 446 3512 mihi
456 3460 488 3513 fic
502 3461 614 3535 castigate
625 3460 697 3513 tutius
706 3463 729 3515 ι’
792 3460 826 3515 est
846 3460 924 3529 quim
939 3474 970 3519 ιιι
987 3464 1106 3591 allisos?

1042 3546 1105 3591 ΝΙΙι
