2296 3900
967 66 978 95 l

197 159 294 247 '1768
378 154 521 252 Lr'nrtrl
565 131 978 242 Tunrrusou'cimuq

214 253 296 324 esni'm'
308 263 343 322 'ad
359 256 537 337 Corinthum.
575 264 636 325 misr
649 259 699 324 tibi
714 266 903 342 Torquatum.
920 262 1101 346 ,eolloquere

64 340 83 423 'p
98 355 204 405 alileam
217 354 249 401 tu
268 341 382 418 quidem
403 357 468 399 cum
491 341 581 410 Silio,
608 354 640 399 ut
659 342 772 412 scribis,
793 344 845 400 a&
859 359 935 417 urge.
979 347 1007 386 ¹⁶
1023 344 1099 407 issani

65 429 134 481 urge,
149 432 188 467 aar
218 419 294 477 diem
309 417 426 495 negabat
439 414 492 476 elie
508 419 601 476 mense
615 417 714 495 Majo,
734 417 811 476 istam
828 436 887 504 nqn
901 421 1033 494 negabat.
1054 425 1098 483 sed

65 478 172 535 uocum
220 507 276 564 tu,
303 507 334 552 ut
357 497 477 563 omnia,
503 494 571 553 istuc
591 511 714 571 quoque·
727 512 790 569 ages
817 494 971 569 diligenter.
1009 501 1097 558 ·¹7De

65 555 129 608 urge.

69 628 74 655 ἰ

155 835 158 842 -
216 800 422 862 consumantur.
474 827 494 840 -·
560 830 567 838 -

220 571 316 646 Crispo
330 572 366 629 &¹
376 570 520 642 Mustella,
539 571 639 629 scilicet
654 572 718 628 turn
733 570 801 647 quid
816 572 909 646 egeris.
944 576 1096 648 Quoniam

218 647 253 706 ad
269 648 345 705 Bruti
359 648 509 707 adventurn
523 649 584 705 fore
599 658 627 709 te
642 648 786 706 nobiscum
802 647 937 720 polliceris
947 689 956 717 ,
966 651 1040 708 latis
1049 653 1096 722 erl,

216 723 365 799 praesertim
387 722 452 782 cirm
472 724 503 783 hi
525 723 652 807 tibi.dies
673 725 702 783 in
726 741 829 807 magno
854 723 950 784 nostro
975 716 1094 803 negotio

1005 882 1093 931 Err-

132 1130 135 1135 ·
213 1108 232 1158 st
244 1092 341 1158 iltioni
357 1107 487 1158 editionem
502 1111 683 1175 compluresque
691 1120 788 1158 xueteres
798 1107 872 1159 libros
883 1107 950 1175 sequi
961 1110 1087 1188 volumus,

96 1150 99 1156 '
151 1177 160 1215 .’
180 1206 183 1213 ·
204 1169 591 1236 'eumlisonisqueneqotioitem
603 1173 733 1242 coniungit.
760 1170 862 1234 -Mal‘aspa

220 1268 224 1279 .
248 1250 284 1294 ι4.
300 1239 499 1296 spitametam]
511 1235 592 1285 Bofius
604 1235 677 1286 scidas
688 1237 795 1299 lequutus
806 1232 868 1284 reete
880 1233 920 1284 hic
930 1235 1031 1286 inchoat
1039 1236 1088 1300 epi·

164 1316 179 1325 ··
214 1295 319 1354 stolam,
336 1297 482 1361 testeJunio.
516 1302 589 1357 cleric.

231 1371 235 1378 ·
247 1374 283 1415 ι’ς.
299 1361 343 1408 Sed
352 1363 467 1408 oldelirer:
478 1366 555 1408 etenim
567 1365 657 1423 iamper
664 1361 736 1420 fratri
741 1357 826 1419 suffe]
841 1362 876 1406 lta
887 1374 918 1408 ex
929 1361 1033 1425 antiquis
1043 1362 1085 1411 suis
1112 1362 1115 1367 '

212 1420 301 1472 Bosrus.
317 1437 387 1470 antea
398 1438 447 1471 erat
458 1427 485 1476 (r
494 1427 601 1479 uidelicet.
625 1425 717 1487 Pighius
728 1425 751 1471 in
768 1421 840 1470 Fastis
850 1422 894 1470 suis
905 1423 936 1470 ad
947 1437 1039 1473 annum
1049 1438 1086 1475 ur*

210 1483 248 1533 bis
259 1500 350 1536 nxcru.
360 1484 438 1534 asserit
445 1488 522 1536 etiam
533 1487 612 1536 inms.
620 1480 834 1540 veterrimofuiffc,
842 1486 882 1544 fed
891 1489 1011 1544 videlicet3
1026 1503 1084 1537 con·

210 1548 320 1609 fluitque:
332 1551 372 1609 sed
385 1550 461 1597 videre
469 1555 525 1599 lieet.
548 1551 594 1599 hoe
611 1551 643 1598 est
658 1548 767 1612 dispicere
784 1550 808 1596 lt
824 1545 973 1597 considerare
983 1551 1083 1615 diligen·

211 1610 258 1658 tius
266 1613 329 1660 licet.
345 1612 410 1661 idem
420 1611 478 1662 liber
489 1616 538 1672 ejus
549 1612 661 1667 habebat,
678 1616 700 1658 in
712 1613 781 1657 decem
789 1610 866 1670 fmff‘»
883 1610 933 1659 fine
943 1612 990 1660 illo
1001 1615 1080 1676 legaris.

210 1671 287 1723 ldem'.
321 1676 364 1721 Sed
374 1677 496 1734 odelina]
520 1677 619 1739 Antiqui
630 1673 716 1730 nostri,
726 1676 765 1734 sed
774 1676 896 1730 vs'dcil'cer‚·
905 1687 931 1723 ut
941 1675 1020 1733 edidi,
1037 1677 1081 1725 hoc

209 1733 294 1793 senia,
317 1736 355 1787 sed
373 1737 481 1787 videlieet
498 1752 553 1787 vere
573 1737 691 1787 existimas
707 1752 760 1785 eum
776 1737 886 1809 legatum!
899 1737 1000 1801 quidem
1012 1739 1082 1789 r‘uilse

130 1822 133 1839 ·
208 1796 275 1847 bello
287 1799 404 1857 Achaico,
421 1799 519 1849 sednon
531 1797 639 1850 fuille‘in
655 1801 738 1848 decem
753 1799 800 1847 illis
815 1801 899 1862 legans
910 1835 923 1857 ‚.
935 1804 979 1865 qui
994 1806 1083 1853 Coria-

208 1862 279 1910 thum
290 1862 351 1911 misti
363 1863 414 1911 sunt
426 1864 456 1912 ad
472 1879 507 1912 res
520 1866 632 1914 Achaicas
644 1860 821 1926 componendas
830 1881 837 1919 3
847 1864 935 1912 etenim
958 1863 1083 1915 verilimile

208 1923 258 1981 est',
272 1939 326 1973 eum
342 1929 372 1976 C.
388 1929 511 1977 Mummio
533 1927 599 1978 fratri
618 1929 723 1991 legatum
743 1924 861 1975 eastitiss'e.
888 1928 984 1985 tostus:
1013 1933 1081 1977 lianc

208 1984 344 2050 scripturam
356 1986 455 2038 afferunt
466 2002 562 2052 quoque
572 1986 809 2055 ualliolmhrrelmst.
823 1986 860 2036 sed
871 1991 988 2039 omittunt
996 1996 1081 2042 etenim.

208 2051 273 2100 milii
284 2051 391 2100 videntur
402 2053 449 2106 hac
461 2051 530 2107 verba
541 2069 591 2101 non
607 2054 653 2101 esse
669 2051 730 2100 sana.
763 2048 865 2102 concise
879 2052 905 2099 in
921 2053 958 2101 his
975 2055 1080 2116 epistolis

207 2111 313 2174 loquitur
325 2116 421 2178 quiderir
438 2118 541 2169 Cicero,
558 2128 607 2164 non
623 2129 704 2163 tamen
719 2127 769 2162 tam
788 2112 891 2178 abrupte.
924 2117 1080 2175 Facilexmihi

151 2201 153 2205 >
207 2174 372 2235 affentipntm,
389 2179 429 2240 qui
440 2180 538 2241 genium
549 2181 709 2227 Ciceronianae
719 2176 829 2225 distionis
842 2192 891 2224 non
903 2178 1017 2242 ignorant
1029 2215 1036 2238 ,
1053 2183 1080 2231 &

207 2236 257 2285 hac
267 2241 394 2288 accuratius
401 2239 573 2304 perpenderint.
592 2242 682 2303 opinor
692 2253 770 2288 autem
782 2239 829 2287 loci
842 2240 908 2296 hujus
918 2246 1082 2305 corruptelam

207 2310 286 2348 ortam
302 2300 349 2350 effe
364 2317 394 2352 ex
415 2303 541 2357 rariore&
557 2317 639 2365 parurn
655 2305 715 2363 trita-
725 2301 898 2368 construllione
917 2307 949 2353 aa*
964 2308 1077 2356 videncet.

205 2365 348 2417 Cicetonem
359 2367 423 2412 euim
434 2362 542 2428 seripsrffe
552 2379 624 2428 puto:
640 2369 743 2429 Spurium
753 2363 886 2412 Mu'mmiu'm
894 2370 996 2428 pataram
1008 2373 1032 2416 in
1043 2373 1095 2418 de·-

205 2428 333 2474 semicuris
343 2428 409 2488 fuiffe
420 2445 428 2473 :
441 2430 478 2488 sed
493 2431 595 2475 videlicet
605 2447 652 2475 eum
663 2435 752 2492 legatum
765 2429 837 2487 fratri
846 2429 920 2488 furffi.
953 2432 1078 2482 Nimirum

201 2443 298 2548 scilicef,
314 2493 416 2539 uidelicet
426 2489 483 2555 saepe
493 2505 546 2538 cum
557 2490 680 2541 infinitivis
699 2493 832 2561 iunguntur,
855 2493 908 2539 vide
924 2507 975 2556 quae
991 2497 1078 2545 notavi

206 2547 237 2598 ad
248 2551 417 2617 iib.x..ep.12.
434 2552 548 2602 Putabam
558 2559 595 2618 Sp.
608 2557 754 2604 Mummium
764 2550 882 2604 indecem
893 2555 978 2620 legatis
994 2556 1078 2616 fuisse,

205 2610 245 2662 sed
257 2625 287 2664 etr
298 2617 344 2664 tuis
354 2617 441 2666 litteris
458 2617 538 2667 videte
552 2618 613 2667 mihi
629 2619 707 2674 licuit,
722 2633 776 2666 eum
787 2615 856 2665 fuisse
869 2618 976 2681 legatum
986 2618 1083 2673 fratrist-

205 2680 271 2727 cum
282 2694 332 2727 non
342 2679 418 2728 intelli
437 2692 501 2728 erent
512 2681 614 2745 imperiti
625 2713 633 2737 ,
650 2681 707 2743 quid
726 2679 781 2729 effet
797 2681 902 2744 legatum
913 2681 996 2731 fratris
1005 2682 1078 2743 else,

203 2753 249 2788 nec
263 2741 368 2793 viderent
385 2695 447 2790 unffe
463 2742 720 2806 penderetinfinitivus
730 2743 816 2804 fuisse,
837 2745 896 2791 mire
912 2743 979 2793 hune
990 2745 1075 2797 locum

202 2816 376 2866 perverterunta
393 2807 417 2854 lt
428 2820 471 2868 pro
482 2808 586 2863 Latinis,
602 2819 627 2856 ut
638 2806 728 2856 sensum
740 2808 843 2872 aliquem
854 2820 973 2865 eruerenta
991 2812 1079 2875 Graeca

202 2864 377 2932 supposuerunt.
409 2872 518 2917 Gravius.
654 2885 656 2889 ·
707 2895 709 2900 ·
914 2888 926 2896 ²
961 2894 964 2901 ·
1005 2894 1011 2909 ··
1083 2894 1087 2906 ·

215 2944 220 2953 ·
236 2938 273 2980 ts.
290 2931 356 2978 Illam
366 2933 422 2978 diem
433 2927 490 2990 &al
505 2930 620 2996 intelligit
630 2931 713 2980 homos
725 2930 884 2994 Scapulanos,
899 2946 953 2980 cunr
967 2932 1029 2982 dicit·
1042 2938 1078 2983 1!-

202 2994 248 3041 lam
259 2997 331 3040 diem:
349 3009 417 3050 curn,
433 2995 521 3057 (stoma
537 2996 654 3045 silianus:
678 2998 703 3044 δι
717 2995 782 3044 diem
803 2995 917 3057 intelligit
939 2996 1076 3050 solutionis.

203 3058 271 3105 Silius
281 3059 346 3106 enim
358 3057 516 3114 concedebat,
533 3071 559 3105 ut
569 3058 798 3115 hortorumluorum
805 3070 899 3120 emptor
911 3059 992 3108 mense
1004 3064 1077 3121 Maio

118 3137 122 3145 ·
202 3122 303 3183 pretium
314 3119 467 3193 persolveret:
485 3119 586 3171 heredes.
592 3122 692 3184 Scapula
702 3132 753 3168 tam
761 3122 864 3183 longam
874 3120 938 3168 diem
953 3137 1003 3170 non
1015 3138 1078 3172 con·

203 3182 325 3256 qedebant.
358 3183 460 3249 ideoque
472 3186 578 3233 Atticum
588 3186 673 3233 Cicero
691 3183 798 3235 hortatur
810 3215 823 3239 „
832 3196 858 3232 ut
868 3197 949 3248 urgeat
965 3185 996 3233 de
1007 3189 1078 3236 silia-

203 3250 459 3373 n¹sl7.1})eMg:}r'po&
479 3312 579 3365 multis,
601 3270 685 3370 scilicet
703 3312 761 3369 iata]
792 3309 914 3372 De'Crispe
933 3302 959 3361 s&
977 3308 1077 3369 Mustela

201 3367 387 3419 emendavimus.
420 3372 491 3434 Suprl
501 3374 573 3420 eriam
586 3372 683 3422 eosdem
694 3373 831 3430 coniunxit,
848 3379 883 3420 De
895 3373 965 3434 &ispo
980 3374 1007 3424 (ι’
1020 3378 1078 3421 Mu·
1122 3424 1126 3435 ,

196 3434 253 3496 fiala
264 3434 360 3483 uidebis.-
378 3435 403 3484 δι
414 3436 487 3484 uelim
498 3431 554 3485 scire
564 3446 615 3500 qua
627 3435 655 3485 lit
667 3451 719 3501 pars
731 3435 840 3488 duorum.
875 3438 954 3486 Vitior-
972 3491 976 3497 ,

980 3569 1017 3612 18.
1036 3568 1075 3610 soa
