2296 3900
232 112 320 198 r966
389 112 542 178 'Linou
582 110 1007 193 Qstrurusnucrurus

227 224 308 285 illum
322 222 495 300 etspedlare,
514 220 580 281 cirm
594 220 630 280 de
644 218 758 278 Cosano
771 218 1012 291 rediret,·debni,
1024 222 1102 303 quini
1137 260 1141 423 4

230 302 278 363 ille
293 313 412 361 autnon
429 302 469 359 ire
491 312 555 360 ante
582 297 669 376 quani
684 312 731 354 me
752 292 885 367 vidisset,
903 310 951 355 aut
970 300 1050 362 cititls
1065 322 1103 365 re.

224 374 311 439 'vetti
331 377 429 437 sciebat
444 379 520 437 enim
535 395 582 435 me
596 374 719 433 celeriter
732 371 805 430 velle
820 372 957 450 proficisci
972 418 984 447 ,
1001 376 1102 459 seseque

230 456 269 515 ad
281 456 377 517 me-in
392 454 582 514 Tusculanum
603 449 740 526 scripserat
760 445 816 507 effe
835 462 1000 513 vertunum.
1039 456 1102 531 Te,

229 544 263 591 ut
277 528 294 590 l
309 550 355 591 nte
370 529 513 591 discesseris
528 574 538 599 ,
556 523 726 596 lacrimasse,
745 525 863 586 moleste
876 526 1012 589 ferebam.
1034 533 1101 611 quod

229 608 252 668 fi
268 628 314 668 me
349 609 461 667 raesente
476 604 597 677 fecisses,
618 602 762 663 confilium
776 604 864 663 totius
877 604 984 664 itineris
1003 608 1102 671 sortist

127 736 130 741 .
230 698 309 744 muta
331 704 386 743 em.
427 684 472 743 scd
493 683 558 742 illud
578 678 733 759 praeclare,
757 678 838 755 quod
857 692 888 738 te
910 682 1054 745 consolata
1071 688 1101 748 est

229 762 288 837 spes
303 764 380 821 breui
394 775 521 835 tempore
535 754 748 835 congrediendi:
757 774 823 832 quae
837 758 959 833 quidem
974 762 1100 836 exspecta

228 842 271 898 tio
286 856 332 897 rue
347 838 469 897 maxime
482 836 617 895 sustentat.
650 850 723 891 tneae
737 833 787 891 tibi
798 834 900 891 litterae
914 852 978 896 non
987 837 1099 901 deerunt.

230 915 278 973 De
293 916 377 974 iltuto
396 915 509 972 scribam
533 913 567 970 ad
589 926 617 971 te
640 910 744 969 omnia.
782 908 812 961 ⁶7
821 909 945 969 Librum
968 914 1022 972 tibi
1041 917 1098 975 cele·

232 994 296 1050 riter
311 993 420 1050 mittam
432 990 505 1049 6ide
520 989 623 1048 Gloria.
661 986 691 1040 ⁶9
699 984 837 1045 excudam
852 987 963 1063 aliquid
978 994 1099 1127 iringi

1089 1113 1097 1143 5

239 1257 247 1268 ”
263 1260 302 1309 67.
319 1251 409 1299 Librum
421 1249 544 1312 degloria.]
557 1250 650 1297 Totum
661 1244 859 1295 volumtnsnam
868 1244 934 1297 duo!
945 1244 980 1297 de
996 1248 1098 1314 glutiti·

229 1312 286 1363 bros
296 1311 394 1376 scripsit,
409 1325 446 1374 ep.
454 1328 475 1361 2.
494 1314 518 1359 &
531 1319 552 1359 6.
570 1310 669 1378 linari.
687 1305 838 1359 Gel.lib.rrv.
854 1318 941 1375 cap.6.
958 1326 1025 1376 quos
1039 1316 1098 1363 Enu-

229 1377 301 1427 riscus
316 1374 437 1424 Petrarclrn
448 1373 470 1422 se
481 1372 584 1421 ltnbuitie
594 1372 696 1421 testatur.
730 1373 815 1421 carrad.

263 1436 299 1487 6'8.
317 1445 352 1485 De
363 1440 461 1493 Gloria]
477 1436 559 1484 Libros
570 1435 629 1483 dnos
639 1432 769 1499 fignificat,
785 1448 847 1495 quos
857 1434 891 1483 de
903 1436 997 1487 Gloria
1008 1434 1097 1503 scripsit:
1140 1422 1143 1481 i

154 1539 157 1547 .
230 1504 356 1565 quiusque
366 1500 397 1548 ad
412 1512 505 1561 parrum
522 1498 654 1548 nostrorum
671 1508 764 1544 atatem
781 1511 952 1560 pervenerunt.
989 1506 1098 1551 namne·
1140 1490 1143 1541 Ῑ

230 1564 317 1613 nardus
327 1562 470 1627 Julliuiaous
481 1564 505 1608 in
516 1561 597 1609 ludite
607 1558 720 1609 librorum
731 1557 824 1607 suorum
835 1564 953 1613 nominat
966 1565 1099 1613 ciceroueu
1140 1558 1143 1611 l

230 1628 262 1676 de
274 1628 364 1675 Gloria.
380 1627 401 1674 is
412 1623 470 1675 liber
479 1624 571 1687 postea,
587 1638 642 1671 curn
652 1620 783 1671 uniuersam
791 1623 973 1676 bibliothecam
980 1627 1097 1677 Betntrdta
1141 1638 1143 1645 ·

274 1690 401 1739 nacharum
412 1686 555 1736 monasterio
565 1683 677 1751 legasset,
693 1683 783 1755 magud
798 1686 952 1749 conquisitus
967 1690 1040 1748 curi,
1054 1704 1100 1739 aa·

228 1706 321 1815 Quam
333 1750 492 1799 estinveurus.
526 1752 616 1799 nemini
625 1747 721 1797 dubium
731 1748 788 1804 suit,
822 1752 864 1798 uin
878 1756 962 1803 l’ettm
970 1754 1099 1815 Alcyonia,

229 1816 400 1864 cuimonachae
417 1813 510 1862 medico
525 1811 565 1860 suo
581 1815 630 1871 ejus
648 1810 774 1860 tradiandae
789 1764 947 1863 biblotheca:
966 1816 1098 1879 potestaten
1129 1842 1133 1857 ι

230 1879 347 1930 fecerant.
363 1877 439 1939 homo
450 1875 569 1939 improbus
579 1876 644 1941 furto
654 1875 769 1922 auerterit.
786 1876 811 1924 ὰ
823 1876 917 1927 sanein
930 1880 987 1939 eiua
997 1878 1098 1943 opusculo

230 1944 261 1991 de
279 1940 373 1990 Exsulio
396 1938 500 2003 adspersa
516 1940 633 1986 nonnulla
652 1935 875 2001 deprehenduntur,
902 1955 960 2005 quae
978 1956 1031 1991 non
1047 1942 1100 1992 olere

230 2006 375 2069 Alcyoniurn
386 2004 524 2059 collocem,
540 2000 578 2050 sed
593 2002 717 2066 aliquanto
731 2000 920 2065 prestantiorem
939 2006 1060 2055 artificem
1072 2005 1100 2055 ti·
1127 1996 1130 2007 '

230 2068 336 2119 deantur.
368 2071 489 2117 alsam.

262 2140 298 2184 ⁶9.
314 2132 425 2178 Excudent
435 2131 523 2193 aliquid
532 2126 752 2195 flaminemque!
758 2130 823 2175 serent
833 2130 857 2175 in
868 2130 984 2191 rlufiauris
989 2129 1100 2193 ansalQui

229 2194 269 2243 hie
281 2192 371 2257 aliquid
384 2198 441 2240 mim
456 2193 589 2252 ornaritque
600 2193 699 2256 legunt,
715 2207 764 2240 non
776 2190 934 2241 mediocriter
944 2208 1007 2243 meo
1022 2193 1099 2255 iudicio

229 2271 348 2323 peccaut:
364 2254 478 2303 duxeruut
489 2256 619 2302 antemnas
635 2269 704 2303 vocer
722 2255 759 2315 (ut
775 2254 888 2316 arbitror)
905 2255 922 2304 ὸ
940 2254 1062 2321 superiore
1069 2260 1099 2306 lo·

228 2336 272 2375 co,
286 2318 326 2367 ubi
336 2320 391 2382 apte
402 2320 426 2366 ec
438 2317 619 2365 accommodare
630 2318 752 2366 collocata
766 2316 831 2372 sunt,
848 2317 897 2366 huc
911 2331 1003 2369 tamen
1020 2322 1101 2385 impor-
1130 2356 1133 2366 .

229 2385 323 2433 tune&
334 2380 438 2444 perverse
453 2380 572 2438 conjectat.
605 2386 632 2427 lu
653 2383 756 2445 antiquis
774 2379 837 2429 cette
853 2381 1100 2433 codicibuslsmrri·

229 2452 272 2496 du.-
288 2444 397 2508 scriptum
408 2442 455 2499 est,
471 2442 535 2505 quod
548 2443 618 2490 etiam
630 2442 706 2491 testati
717 2448 767 2492 suut
778 2446 909 2501 Germani,
928 2459 997 2509 qnos
1012 2462 1062 2495 non
1071 2446 1100 2495 lt.

231 2510 277 2557 tuit
289 2522 343 2556 uera
358 2508 448 2556 letiio:
465 2507 574 2566 quamvis
590 2506 623 2552 illi
641 2520 689 2552 non
705 2519 798 2555 rantum
814 2506 965 2564 tribuerint,
989 2524 1100 2573 quantum

230 2571 356 2634 oportebat
367 2587 374 2617 a
390 2584 447 2617 nam
458 2566 579 2632 vulgritam
590 2569 662 2615 etiam
672 2568 800 2617 ledionem
815 2585 867 2617 non
879 2570 923 2619 sua
938 2569 997 2621 sede
1012 2584 1101 2621 manen

229 2634 287 2745 {iffi
300 2634 364 2744 south,
382 2634 487 2707 contenti
498 2630 738 2754 ueterenrfleeggquerg¹
749 2630 990 2757 inflet-geminato&
1001 2636 1101 2748 sergeri

241 2711 337 2745 r,rorer
365 2710 519 2751 oenomrne,
535 2709 589 2742 cum
710 2710 773 2742 rent
803 2711 844 2743 mr
910 2712 940 2745 or
1009 2716 1038 2747 m
1055 2712 1100 2747 erre

230 2763 296 2809 velit.
314 2763 460 2829 H‘murdrru
470 2760 534 2806 euim
545 2773 598 2835 euru
608 2758 725 2819 appellare
734 2757 851 2831 credimur
860 2714 1102 2827 egreginmgasiqood

226 2819 1102 2948 assitaillll‘ulllf‘ostillllllllllllrlillis:

225 2950 361 3003 neretum,
379 2960 447 2994 vocat
458 2961 551 2995 acutum
563 2949 588 2993 dt
600 2942 699 2999 subtile,
713 2947 793 3007 qualia
805 2960 872 2995 erant
894 2947 1058 3000 Archimedis
1066 2954 1101 3013 Sy·

224 3012 329 3058 ractrsaui
362 3010 500 3059 toblematn.
532 3010 622 3057 multos
642 3011 706 3056 enim
721 3008 962 3074 elegantissimosque
984 3011 1100 3065 sermones
1139 3013 1141 3019 “

226 3071 335 3136 scripisse
344 3024 408 3121 Kone
420 3075 528 3121 Laenius
538 3072 608 3120 tradit
623 3072 647 3119 iu
664 3073 713 3131 ejus
730 3074 804 3120 vira:
820 3073 845 3119 in
861 3072 890 3121 iis
908 3089 963 3123 nort
983 3090 1063 3141 pauca
1075 3076 1100 3125 de

223 3140 273 3183 vitu
284 3140 307 3183 3<
319 3136 431 3185 moribus.
466 3141 490 3182 Μ
495 3151 581 3200 agnum
592 3136 663 3182 etiam
680 3134 746 3187 huius
761 3149 852 3183 nomen
866 3137 934 3200 apud
944 3141 1057 3191 Latium
1066 3154 1101 3191 a·

223 3210 287 3245 tores
298 3198 365 3246 luisse
376 3214 461 3248 notum
471 3199 522 3252 est,
538 3213 593 3245 narn
608 3197 676 3244 illum
692 3198 811 3247 imitatum
825 3196 872 3247 effe
887 3202 1050 3265 quandoque
1064 3204 1100 3255 ci·
1139 3215 1141 3252 ;

226 3276 349 3314 teronem,
361 3277 390 3309 eo
402 3264 474 3311 etiam
485 3264 541 3310 loco
551 3261 693 3317 declaratur,
710 3262 750 3323 qui
761 3262 793 3310 est
803 3264 828 3310 in
839 3262 944 3327 epistola
957 3268 993 3317 ad
1005 3274 1042 3333 Q.
1052 3270 1101 3317 ln-

225 3334 305 3369 trem:
324 3326 441 3383 Praeserrwn
457 3343 503 3371 rum
518 3343 556 3370 uon
565 3326 608 3384 fim
626 3326 749 3369 rlcracltdcs
765 3330 885 3382 Ponticus,
916 3329 956 3383 sed
978 3335 1100 3385 consuluit.

210 3384 368 3445 'snpeetiam
380 3387 451 3435 inlls.
463 3389 573 3437 varronis
589 3387 667 3441 locis,
683 3386 697 3434 d
713 3389 797 3436 Nonio
818 3388 941 3439 Marcello
958 3394 1063 3451 citarit,
1076 3392 1100 3441 se
1139 3398 1146 3423 ·''

223 3446 290 3513 hujus
300 3449 409 3499 mentio:
425 3463 450 3498 ut
461 3456 591 3501 varronem
601 3463 698 3514 quoque
708 3449 770 3501 hunc
783 3450 891 3503 accumte
908 3452 1001 3521 legiffe
1013 3460 1040 3509 ὰ
1051 3458 1101 3507 irni-
