2296 3900
163 139 362 207 Error.
403 153 476 202 nn
516 140 821 205 Arrreunt.
869 132 960 217 1649

63 267 140 329 tem,
160 250 304 329 ·⁸²Qu0d
324 269 372 310 me
393 250 470 311 audis
491 250 650 309 stadiorem
671 246 725 309 effe
745 250 859 307 animo:
879 246 948 323 quid

68 346 168 453 putas,
185 328 250 388 chm
273 328 366 387 videas
387 324 522 385 accessisse
545 328 581 386 ad
601 326 752 402 superiores
774 324 949 401 aegritudines

89 405 252 485 rpraeelaras
265 405 360 481 generi
374 404 518 463 artiones?
538 402 589 462 Tu
602 415 699 461 tamen
713 400 799 461 velim
813 420 849 461 ne
864 404 949 461 inter·

70 486 189 553 mittas,
209 482 305 561 quoad
333 481 391 556 ejus
418 481 510 540 facere
537 480 665 557 poteris,
691 478 806 537 scribere
827 478 862 537 ad
883 494 951 547 me,

72 563 159 633 etiam
180 559 201 619 sr
222 576 308 628 rem,
329 558 364 616 de
408 576 443 616 ua
466 556 587 627 scribas,
606 575 667 616 non
690 554 810 615 habebis.
847 553 955 627 semper

72 640 152 699 enim
167 634 288 695 affemnt
302 576 408 711 aliquid
418 635 487 692 mihi
502 646 559 693 tuae
581 634 689 692 litterae.
728 631 861 689 Galeonis
872 630 955 689 here·

71 714 191 781 ditarem
206 712 291 771 crevi.
310 709 418 787 ⁸4puro
431 712 508 770 enim
523 712 678 769 cretionem
701 708 855 784 simplicem
868 702 957 777 suffe,

75 791 217 869 quoniam
231 788 269 849 ad
282 806 330 849 me
344 788 418 848 nulla
434 786 511 849 missa
526 787 572 847 est.
593 788 691 855 ninid.
700 788 788 847 Mart.

321 942 695 993 nerrronaxrn.

212 1082 454 1143 CiCERO
494 1080 753 1143 ATTICO
792 1078 821 1140 S.

81 1233 130 1339 Α
149 1224 352 1311 *Murrum
375 1222 556 1311 libonotnibil
569 1221 660 1281 adbuc
680 1237 843 1309 acceperam
857 1218 954 1276 littera·
967 1216 1108 1300 riuturni

150 1318 223 1361 rum.
241 1299 307 1359 ⁸5P.
323 1299 391 1358 Siser
405 1299 559 1359 reddrderat
573 1318 634 1369 eas,
653 1299 751 1376 qmbus
765 1295 891 1355 rescribo.
909 1290 1014 1353 Deera.

10 1376 25 1435 ἶ
82 1378 170 1437 Servii
183 1378 265 1453 patris
275 1376 372 1435 litteris
388 1376 465 1453 quod
478 1375 582 1446 scribis,
601 1377 689 1445 item,
709 1376 851 1451 Quintum
864 1373 893 1430 in
905 1372 957 1447 Sy·

10 1454 37 1525 ζ.
82 1457 153 1513 riam
168 1450 272 1512 venisse
285 1452 363 1529 quod
384 1456 422 1513 ais
441 1450 495 1511 esse
515 1456 564 1530 qui
584 1454 712 1512 nuntient
719 1475 729 1523 3
749 1469 785 1510 ne
800 1451 829 1510 id
842 1448 958 1526 quidem

82 1548 185 1591 verum
200 1530 246 1588 est.
284 1528 373 1604 Quod
392 1531 541 1589 certiorem
561 1543 590 1588 te
612 1532 653 1589 vis
668 1529 743 1597 fieri,
763 1545 822 1605 quo
842 1528 959 1603 quisque

10 1604 49 1681 22
84 1610 116 1667 in
130 1624 179 1663 me
195 1606 291 1663 animo
306 1605 362 1675 sit,
381 1619 429 1687 aut
443 1608 526 1667 suerit
539 1625 656 1676 eorum,
676 1607 725 1683 qui
738 1607 794 1665 huc
809 1614 957 1669 venerunt;

10 1686 49 1769 L·
86 1683 236 1742 neminem
251 1682 339 1739 alieno
354 1683 483 1742 intellexi.
520 1683 583 1753 sed,
602 1696 739 1762 quantum
754 1681 782 1740 id
797 1698 860 1739 mea
874 1681 960 1739 inter·
1000 1689 1026 1749 γ,
1046 1684 1075 1735 1.

10 1756 50 1842 ξ,
86 1760 139 1828 sit,
161 1756 313 1816 existimare
325 1768 353 1814 te
366 1756 443 1832 posse
457 1758 530 1817 certe
543 1759 609 1821 scio.
628 1761 698 1818 mihi
711 1759 775 1818 cirm
790 1759 886 1816 omnia
900 1756 962 1815 sunt

87 1834 273 1905 intolerabilia
292 1832 328 1892 ad
348 1831 476 1905 dolorem
494 1877 503 1903 ‚
521 1848 582 1893 tum
602 1835 744 1904 maxime,
762 1833 840 1912 quod
854 1836 883 1893 in
898 1852 962 1893 eam

12 1908 39 1967 ’-
87 1911 201 1972 causam
215 1906 321 1969 venisse
336 1926 383 1968 me
399 1908 501 1978 video,
520 1923 550 1968 ut
565 1929 597 1970 ea
610 1913 666 1970 sola
679 1913 754 1970 utilia
769 1912 838 1969 mihi
852 1906 905 1969 esse
919 1912 964 1969 vi·

90 1989 232 2060 deantur,
252 2004 318 2073 quae
340 1985 449 2065 semper
469 1987 556 2055 nolui.
595 1986 663 2055 8⁶1³.
684 1987 837 2061 Leontium
857 2002 970 2125 ppppprpi

10 2242 26 2271 e
126 2228 164 2269 ⁸2.
180 2218 248 2295 Qod
257 2235 291 2266 me
299 2218 364 2268 andra
372 2220 494 2268 eret'siorem
502 2219 539 2281 effe
548 2222 641 2279 anima]
655 2223 724 2279 Nos,
731 2216 857 2277 fremorem
867 2216 905 2279 effe
919 2221 972 2267 ani·

10 2308 25 2333 r.
92 2298 143 2339 mo,
159 2282 329 2347 castigavimus.
363 2285 485 2331 contrario
494 2285 559 2332 enim
570 2284 663 2348 penitus
679 2282 744 2333 sensb
759 2283 815 2333 amb
832 2280 971 2347 legebatur,

10 2372 26 2397 a
93 2358 207 2458 putamus
217 2358 295 2393 aurem
306 2344 388 2395 ansam
398 2347 453 2394 huic
462 2346 535 2395 errori
544 2344 646 2405 dedisse,
662 2345 729 2411 qubd
744 2344 803 2412 sepe
817 2364 827 2392 e
837 2346 907 2410 prof
924 2360 970 2411 po·

15 2426 24 2455 .·
117 2408 198 2463 taest,
214 2410 350 2459 &contrat
367 2408 406 2458 sed
418 2409 448 2458 de
459 2409 506 2457 hoc
516 2409 574 2459 aliis
584 2412 659 2460 loeuri
675 2412 760 2462 sumus.
794 2410 971 2457 maclarum·

95 2485 149 2523 tem
159 2472 239 2537 generi
249 2472 354 2521 artiones
369 2472 486 2522 eredimus
497 2486 552 2521 eum
565 2473 655 2524 ironice
666 2471 756 2522 dixisse.
790 2474 869 2520 Vmor.

132 2544 170 2590 83.
186 2535 302 2583 ruerem
314 2538 388 2598 generi
398 2538 509 2592 aelirum]
524 2535 647 2597 Eipenadc.
670 2551 728 2585 nam
738 2535 845 2584 adiones
855 2532 974 2583 Dolabel·

11 2634 18 2643 .
95 2600 146 2653 12,
162 2599 204 2662 qui
221 2596 268 2645 hoc
281 2612 391 2663 tempore
404 2598 550 2648 tribunatum
565 2598 598 2662 pl.
613 2598 728 2663 gerebat,
750 2596 885 2661 turpiffimae
896 2606 975 2659 erunt.⁸

11 2700 19 2709 .
95 2660 181 2712 nudor
192 2661 241 2709 Dio
251 2660 355 2711 tiburi.
374 2663 399 2710 δι
416 2662 552 2713 Plutarchus
567 2663 592 2710 in
608 2660 707 2711 Cesare.
729 2660 776 2725 ipse
792 2674 872 2709 autem
883 2674 921 2723 ep.
935 2674 973 2721 14,

96 2729 217 2779 Omnium,
232 2724 323 2787 inquit,
338 2724 463 2787 craspedium
473 2728 558 2781 horreo,
572 2726 688 2788 presertim
698 2729 822 2788 hocgmere.
846 2726 871 2772 &
882 2737 920 2787 ep.
934 2730 972 2777 td.

16 2810 23 2839 ·.
98 2790 146 2837 ..dd
157 2804 196 2842 ea,
212 2802 257 2850 que
265 2787 420 2846 me'conficiunt
431 2821 439 2845 ,
451 2804 513 2850 gener
522 2790 609 2838 accedit.
627 2790 652 2840 &
664 2803 746 2852 epu.
765 2789 846 2843 odii,
858 2802 973 2850 generum·

9 2874 25 2905 .·.
96 2870 124 2899 ne
135 2849 229 2909 nostrum
236 2848 377 2912 petrffimum,
392 2864 416 2900 ur
425 2854 506 2897 hocve!
515 2853 598 2897 tabulas
609 2870 676 2899 nores
688 2860 700 2898 r
720 2856 744 2900 P.
757 2854 850 2899 Manur.

133 2922 171 2972 84.
189 2918 250 2958 Duco
260 2915 318 2959 enim
332 2917 439 2960 curionem
447 2914 513 2973 fm'ffe
524 2915 663 2978 fimpiiccm]
686 2919 799 2963 veterum
808 2913 919 2961 codicum
929 2926 975 2961 aua

9 2960 30 3037 :g-
99 2977 226 3037 toritatem
243 2974 331 3030 secuti,
345 2988 394 3037 puro
411 2978 468 3023 mim
484 2982 598 3024 cretionem
608 2979 725 3040 stmpsirem
736 2976 816 3035 smffo,
831 2974 974 3039 scripfimu&

9 3074 15 3097 ,
33 3072 38 3083 -
98 3038 164 3101 Quid
175 3036 293 3087 autemsit
305 3039 407 3093 Credo,
439 3041 465 3087 δι
480 3038 538 3100 quid
553 3044 658 3088 Cernere
674 3038 837 3091 hereditatem
853 3036 907 3089 sarie
921 3040 975 3102 jam

98 3116 186 3155 notum
198 3099 239 3151 est.
271 3100 359 3150 Cicero
370 3101 406 3150 his
416 3101 513 3149 vocibus
524 3100 582 3166 sepe
592 3101 644 3151 usus
654 3102 696 3152 est.
731 3104 808 3150 Vilior.

131 3175 169 3223 ⁸5·
188 3169 214 3214 P.
227 3166 305 3226 Siste]
321 3168 404 3213 Forte:
421 3170 447 3216 P.
454 3166 572 3214 Servilius.
588 3167 672 3217 Lamb.
684 3166 715 3215 al.
735 3171 760 3216 P.
774 3167 868 3217 sibertus,
885 3166 916 3217 al.
934 3163 977 3219 sed

9 3254 42 3293 .·÷.
100 3234 127 3278 P.
138 3233 187 3278 Ser.
222 3234 248 3280 Ρ.
260 3230 340 3289 orfea]
354 3232 425 3277 Forte
436 3228 564 3293 legendum
575 3231 665 3290 Phyfer,
682 3242 708 3277 ut
720 3228 795 3278 celer.
810 3228 979 3287 Viderureninr

9 3314 59 3359 :'..
101 3290 147 3343 esse
158 3306 250 3366 nornen
261 3292 318 3367 servi
334 3304 373 3340 aut
390 3292 485 3349 liberti,
501 3307 520 3368 a¹
530 3292 609 3342 forma
625 3292 731 3360 corporis
746 3290 828 3341 fimitis
845 3292 954 3359 ampullz
968 3328 983 3359 λ

9 3392 66 3487 ,ἔ
101 3368 143 3472 ppt
153 3353 309 3473 apppppsleno
320 3354 385 3421 quasi
396 3356 557 3421 ampullarius.
590 3358 669 3416 disee,
686 3355 806 3423 ampulla,
821 3357 907 3421 sollis,
918 3354 980 3413 uesi-

135 3487 176 3533 26.
191 3484 224 3539 Pe·
233 3482 370 3549 terrulam]
399 3486 425 3538 P.
441 3483 584 3601 §ernegum
598 3484 730 3541 Lentulum
745 3468 916 3551 Spintherem,
933 3479 993 3605 ἐξ

548 3564 623 3611 naun
956 3602 959 3607 ,
993 3590 999 3607 ,
