2296 3900
158 118 481 211 Errsrean'
517 119 817 191 Assrcou.
857 125 936 208 1623

49 231 153 289 omines
167 228 237 289 deos
251 241 280 289 te
296 227 434 300 obtestor,
454 241 486 289 ut
498 239 589 289 totam
605 245 665 287 rem
681 228 829 304 suscipias,
848 228 879 290 8(
898 231 932 289 il·

49 305 107 365 lam
128 304 257 365 miseram
279 304 343 364 mei
372 305 452 383 culpi
481 306 511 365 &
533 302 706 381 negligendi
742 317 836 366 tueare
863 307 933 366 aneis

52 381 167 459 opibus,
186 380 287 458 siquae
308 382 392 451 sunt;
414 382 492 452 tuis,
511 382 609 459 quibus
630 381 680 440 tibi
701 382 847 440 molestum
869 400 929 443 non

54 459 122 529 erit,
141 458 331 529 facultatibus:
352 461 399 518 cui
412 459 526 547 quidem
542 455 632 517 deesse
646 458 761 528 omnia,
776 459 852 535 quod
865 458 929 517 scri·

53 533 110 604 bis,
130 534 247 594 obsecro
261 547 290 594 te
304 535 363 595 noli
376 547 442 612 patr.
472 536 502 595 in
517 553 588 610 quos
602 535 678 593 enim
693 533 814 609 sumptus
828 535 929 595 abeunt

53 610 159 671 nudus
181 608 381 687 praediorum?
414 610 428 653 ⁸
434 613 492 689 jam
513 611 557 671 illa
578 610 650 670 H-s.
672 629 716 668 sn.
738 628 801 685 quae
817 610 929 681 scribis,

51 703 142 748 nemo
157 688 228 747 mihi
242 706 379 765 umquam
394 687 462 747 dixit
478 707 517 753 ex
527 688 594 748 dote
613 684 666 745 else
680 688 808 747 detrasia.
846 705 929 747 num-

51 781 138 839 quam
151 761 329 839 enim-essem
345 763 440 842 pasius.
465 765 512 824 sed
524 767 587 824 haec
603 764 720 823 minima
735 764 772 823 est
794 782 828 823 ex
842 764 873 822 iis
887 764 929 822 in-

49 839 147 917 juriis,
167 859 234 919 quas
248 842 343 917 accepi
350 864 360 912 ;
381 841 527 920 dequibus
541 841 576 900 ad
597 851 625 899 te
647 839 745 899 dolore
767 841 929 905 &lacrimis

52 915 172 977 scribere
186 917 340 992 prohibeor.
380 920 423 978 Ex
439 937 471 977 ea
485 917 621 995 pecunia,
640 934 704 993 quae
725 916 777 975 suit
791 917 820 975 in
837 915 925 986 Assa,

54 1007 165 1068 partem
180 995 322 1055 dimidiam
338 994 396 1054 ferd
410 993 520 1071 denegi.
546 984 629 1053 tutids
643 993 784 1052 videbatur
798 995 859 1052 fore
873 993 908 1051 ibi
919 999 954 1063 ,d
970 1002 1049 1068 exegit

55 1068 105 1133 ubi
121 1070 182 1140 est,
208 1071 292 1147 quim
316 1071 389 1149 apud
408 1073 577 1149 publicanos.
615 1069 704 1205 ffuod
726 1087 772 1127 me
791 1070 906 1129 hortaris
921 1068 1012 1140 ,m

58 1157 91 1205 ut
112 1144 194 1206 firmo
221 1146 271 1207 fim
299 1150 419 1229 animo:
447 1150 548 1208 vellem
577 1165 615 1224 po
638 1164 665 1204 es
685 1144 788 1223 aliquid
808 1144 929 1216 afferre,

56 1226 241 1298 quamobrem
257 1224 285 1284 id
299 1227 391 1287 facere
404 1223 521 1301 possem.
546 1224 592 1283 sed
606 1223 626 1282 fi
640 1222 675 1280 ad
689 1235 791 1281 ceteras
813 1221 931 1282 miserias

55 1301 167 1360 accessit
187 1300 339 1371 etiamid,
358 1303 436 1378 quod
456 1302 526 1361 mihi
549 1298 715 1377 Chrysippus
737 1298 805 1358 dixit
826 1300 930 1375 parari,

55 1378 100 1435 stu
114 1376 183 1436 nihil
196 1376 357 1452 significasti)
377 1379 436 1439 ede
450 1379 539 1438 domo
554 1400 563 1446 ;
583 1378 644 1453 quis
664 1392 711 1434 me
733 1374 856 1435 miserior
870 1394 929 1435 uno

51 1450 115 1528 jam
131 1450 211 1513 suit?
232 1472 308 1525 oro,
328 1453 441 1516 obsecro
456 1498 466 1527 ,
483 1453 618 1533 ignosce:
639 1471 698 1512 non
720 1449 828 1528 possum
852 1451 930 1527 plura

54 1527 183 1588 scribere.
220 1542 325 1605 quanto
359 1549 480 1609 maerore
511 1547 638 1607 urgear,
673 1526 802 1605 profesio
835 1529 930 1589 vides:

58 1614 90 1646 ¹⁰
98 1604 179 1681 quod
192 1602 213 1671 fl
226 1606 294 1677 mihi
307 1612 460 1674 commune
475 1626 541 1669 cum
557 1608 653 1669 ceteris
668 1602 750 1677 esset,
770 1605 819 1684 qui
832 1605 929 1665 viden·

888 1694 933 1743 tur

58 1817 224 1880 Qrintillbus,
234 1831 260 1870 ut
276 1820 368 1871 constat
383 1836 413 1871 ex
422 1822 469 1872 hae
481 1825 506 1873 de
520 1821 625 1887 sequens.
642 1819 729 1870 duabus
744 1834 758 1870 e
775 1857 781 1871 .
798 1826 851 1871 Dos
865 1821 932 1874 euim

57 1881 160 1938 dabatur
170 1884 310 1948 plerumque
320 1884 392 1934 tribus
402 1884 550 1949 pensionibus
561 1919 569 1941 ,
583 1887 609 1944 &3
621 1886 718 1941 iisdem,
729 1835 838 1933 diseede
849 1886 932 1934 matri-

58 1947 147 1996 monio
159 1945 306 2001 reddebatur.
338 1947 439 1998 Alfenus
448 1950 485 1998 tit.
517 1947 547 1997 de
557 1946 620 1996 Padi.
634 1946 777 1996 Dotalibuse
792 1950 820 1994 Si
827 1961 886 2009 parer
892 1960 931 2010 pro

53 2010 110 2073 filia
123 2012 193 2059 dorem
206 2011 304 2074 promrstt
317 2024 342 2058 us
356 2027 441 2070 annua,
456 2014 543 2068 trime,
558 2012 693 2077 quispim,
708 2014 781 2071 quinto
796 2025 850 2057 anne
866 2013 902 2056 dos
916 2026 931 2057 a

55 2075 80 2137 se
96 2074 218 2121 redderetur
229 2107 236 2130 ,
251 2076 277 2126 (φ.
288 2080 423 2123 convenitur
437 2076 515 2122 eisdem
525 2074 612 2129 diebus,
619 2073 689 2133 solute
698 2075 848 2129 matrimonio,
858 2074 932 2123 redde·¹

58 2148 127 2187 rerer.
160 2140 240 2186 immo
250 2133 268 2185 si
279 2135 322 2186 dos
339 2150 379 2187 aut
390 2151 505 2194 numero,
521 2148 561 2191 aut
573 2134 693 2192 mensura,
708 2147 748 2183 aut
775 2135 862 2185 oudere
871 2150 930 2185 con-

60 2198 198 2257 sinebatur,
214 2200 283 2249 eitius
297 2200 361 2266 exigi
377 2216 428 2250 uon
444 2213 537 2265 poterat
552 2196 627 2264 quam
648 2211 728 2246 annua
739 2231 747 2255 ,
759 2150 844 2254 Kirna,
860 2198 932 2249 trima

60 2262 115 2325 die,
131 2260 174 2311 nisi
184 2262 254 2327 paon
265 2275 385 2313 convento
395 2277 489 2313 cautum
499 2258 556 2312 esset
571 2274 597 2311 ut
614 2259 712 2326 praesens
727 2259 874 2320 redderetus,
890 2277 931 2313 sn·

61 2338 117 2381 tore
127 2324 231 2389 Ulpiano
241 2324 341 2375 Institor.
355 2327 391 2375 tit.
399 2335 421 2376 ⁶.
444 2334 532 2389 Pepma.

96 2395 118 2436 8.
134 2388 187 2447 Jem
196 2390 238 2436 illa
249 2391 310 2453 Η,
321 2396 377 2451 nm]
391 2391 502 2440 Terentia
512 2402 543 2438 ez
551 2387 628 2452 prima
637 2387 701 2438 dosis
714 2388 798 2439 Tulliae
816 2386 930 2451 pensione

62 2453 123 2501 H-S.
137 2464 180 2500 Lx.
196 2450 340 2508 desuetae,
357 2466 408 2515 quae
419 2451 548 2502 Dolabella
563 2449 605 2501 sibi
617 2448 677 2503 solvi
691 2466 746 2499 eum
762 2449 862 2500 semnda
874 2466 933 2514 pen·

61 2511 132 2573 sione
141 2511 279 2578 postulabat.
294 2529 348 2567 eam
357 2530 414 2571 uero
426 2516 507 2580 prime
522 2511 641 2578 pensionis
658 2515 851 2563 imminutionem
863 2516 934 2564 Cice·

61 2592 92 2628 ro
102 2590 162 2640 aegre
172 2574 269 2627 serebat.
300 2574 355 2627 ideo
366 2576 504 2642 infraepisl.
512 2592 550 2635 24
565 2575 596 2625 de
612 2576 658 2624 alia
669 2574 774 2639 quadam
785 2574 936 2629 detrasiioue

62 2639 187 2701 loquens,
203 2649 254 2687 cum
270 2641 324 2699 hes,
344 2640 441 2705 inquit,
460 2654 506 2689 ram
519 2652 615 2702 parvum
630 2640 656 2685 de
668 2652 741 2701 pam
760 2656 783 2685 re
798 2641 933 2698 detraxerit,

58 2703 163 2767 perspicis
198 2704 237 2749 uid
257 2707 283 2759 r'rs
295 2698 393 2751 merismu
406 2721 429 2750 re
443 2705 527 2762 fecerit.
549 2699 637 2750 Bosius.
670 2702 723 2760 Jam
740 2703 782 2748 illa
799 2706 858 2752 H·S.
877 2710 934 2763 Lx]

62 2763 171 2816 Sestertia
180 2716 234 2813 sexa
251 2765 300 2814 'nra
311 2781 362 2830 qua
372 2764 449 2815 scribis
460 2762 536 2818 deesse
546 2763 658 2813 solutioni
668 2766 748 2828 primae
759 2763 878 2828 penfionis
888 2766 934 2815 do.-

61 2826 120 2879 talis
131 2860 139 2882 ,
155 2828 181 2875 δι
191 2832 232 2875 Do
243 2826 343 2890 abellam
354 2843 408 2879 cum
419 2828 519 2877 secunda
545 2824 787 2890 cesione-postulare,
803 2842 877 2877 nemo
888 2831 935 2879 mi·

64 2890 93 2939 hi
103 2903 210 2951 unquam
219 2887 278 2938 dixit
290 2905 319 2939 ex
330 2888 387 2947 dote
396 2891 442 2940 esse
451 2891 502 2941 dese
542 2904 564 2937 a.
580 2890 625 2939 llla
634 2905 691 2939 veto
701 2891 833 2939 detraxerat
845 2897 936 2939 Teren·

61 2952 112 3016 sia,
129 2966 203 3016 quam
213 2951 281 3016 buliu
291 2951 402 3015 facinoris
412 2953 501 3007 videtur
511 2951 646 3003 infimulaee
657 2985 665 3010 ,
679 2952 743 3002 infra
754 2969 791 3018 ep.
805 2960 843 3002 ιθ.
860 2956 885 3002 &
897 2970 935 3014 ²4·

66 3021 158 3080 arpena.

94 3095 119 3135 9·
137 3079 264 3137 ocem]
278 3074 304 3125 ld
315 3075 391 3141 parari
401 3073 492 3134 dixerat
504 3075 662 3140 Chryfippus,
679 3090 705 3125 ut
716 3076 793 3135 deuio
811 3075 849 3125 sua
865 3078 937 3126 cice-

62 3157 105 3198 ιο,
121 3157 196 3209 quam
212 3138 312 3190 habebat
328 3141 353 3188 in
368 3138 477 3198 Palatia,
492 3140 626 3206 privaretur.
660 3143 784 3206 Propterea
799 3137 864 3206 quod
879 3139 936 3191 esses

62 3220 120 3265 pum
133 3205 257 3269 Pompeio.
291 3209 316 3253 Β.
330 3206 418 3253 Manus.

65 3265 846 3393 nssd'zsslsss‘ssss'ln’l‘p‘izl‘sldilleille
862 3263 942 3389 lissi

68 3407 99 3442 ex
109 3394 219 3443 omnibus
230 3393 379 3459 Pompeianis
392 3391 439 3440 hoc
454 3364 614 3443 incommodo
629 3406 689 3441 unus
705 3345 894 3457 afficiarrfqdod
912 3406 944 3439 ue

65 3450 440 3522 singulsrissitmesealamitas.
472 3455 873 3515 nam,sieommimemihilme
919 3464 944 3503 ee
1006 3494 1010 3499 .
1062 3468 1069 3523 '.

464 3521 594 3613 lacerta
890 3526 949 3565 eum
1012 3528 1075 3664 1
