2296 3900
206 137 439 214 ''Ltdzit
483 139 727 218 Prilius.
856 154 939 236 1049

50 253 99 318 'ad
115 276 198 337 quem
211 258 355 329 scribitur,
383 257 418 317 de
432 258 463 317 iis
477 259 555 317 rebus
571 301 580 328 ,
599 276 666 337 quas
684 259 794 335 ignorat
808 301 817 331 ,
835 261 937 319 certior

57 333 134 406 fiat,
153 335 421 412 praetermittendum
442 332 496 393 elle
527 353 587 394 non
607 348 685 410 puto.
724 346 752 390 4³
761 335 804 394 Sic
826 336 861 396 ad
882 352 934 395 nos
970 348 1008 414 36

57 424 161 471 omnes
180 411 238 470 fere
259 412 411 481 deferunt,
437 410 528 479 nihil,
548 410 613 470 clun
633 409 699 469 abiit
720 411 883 478 iracundia,
902 424 932 470 tc

56 484 120 545 fieri
133 486 209 562 posse
220 488 376 563 jucundius.
415 486 461 546 sed
483 485 547 545 cuni
576 499 605 546 te
638 487 750 562 alicujus
772 486 932 562 improbitas

55 564 273 640 perversitasque
293 564 504 632 commoverit,
532 562 568 622 fic
588 576 616 620 te
632 564 727 622 animo
747 563 878 629 incitari,
899 567 931 621 ut

54 637 92 695 ab
108 641 236 698 omnibus
250 652 296 696 tua
312 637 476 697 desideretur
489 640 652 697 humanitas.
685 641 780 713 Quare
794 639 930 716 quoniam
1001 645 1005 657 '

56 712 165 772 ineam
181 717 317 773 rationem
334 716 398 773 iitae
419 733 470 774 nos
491 733 552 775 non
570 726 628 773 tam
650 715 783 791 cupiditas
797 715 929 792 quaedam

54 790 155 863 gloriae
174 790 260 867 quam
283 807 325 848 res
346 790 400 866 ipsa
433 807 465 849 ac
491 791 602 850 fortuna
624 790 759 860 deduxit,
779 804 810 850 ut
828 790 930 867 sempi-

54 875 151 924 ternus
164 866 253 925 sermo
268 866 416 924 hominum
430 867 465 925 de
478 867 557 925 nobis
573 867 678 924 futurus
692 866 740 925 sit:
761 881 927 938 caveamus,

55 954 192 1016 quantum
216 943 372 1001 efficere&
393 941 475 1001 conse
496 945 524 1001 ui
544 939 701 1017 possumus,
721 954 788 1001 aaut
801 961 837 1002 ne
851 942 930 1019 qnod

56 1017 87 1075 in
103 1020 181 1076 nobis
194 1019 298 1094 insigne
313 1019 410 1078 vitium
424 960 501 1077 suidqe
515 1019 628 1078 dicatur.
667 1020 769 1096 Neque
783 1037 838 1094 ego
852 1033 928 1079 nunc
963 1037 997 1106 3¹

55 1093 114 1151 hoc
128 1096 286 1164 contendo,
306 1095 383 1169 quod
400 1093 508 1153 fortasse
522 1093 587 1152 clim
602 1095 725 1154 inomni
740 1107 834 1155 natura
847 1138 856 1166 ,
867 1104 928 1157 tum
1066 1106 1068 1111 '

53 1169 115 1244 jam
130 1170 259 1229 innostra
276 1182 357 1228 aetate
370 1170 481 1230 difficile
496 1170 533 1229 est
548 1212 556 1239 ‚
577 1184 684 1229 mutare
699 1173 842 1240 animum,
863 1173 927 1232 &fl

52 1245 122 1380 Ρυίά
144 1246 181 1305 esi
201 1249 308 1323 penitus
329 1245 440 1306 infitum
463 1246 608 1315 moribus,
628 1247 656 1305 id
677 1245 764 1305 subito
787 1248 928 1308 evelleret

65 1322 102 1380 ed
116 1335 144 1380 te
157 1323 222 1382 illud
237 1323 379 1382 admoneo
394 1364 402 1391 ,
421 1332 470 1393 ut,
491 1322 511 1382 fi
525 1323 580 1380 hoc
602 1321 682 1397 plend
697 1324 783 1382 vitate
796 1341 855 1382 non
875 1343 928 1400 po·

52 1410 113 1466 tes,
133 1397 210 1533 (ἔυὸά
224 1397 288 1457 ante
303 1410 454 1473 occupatur
467 1400 574 1458 animus
595 1399 628 1456 ab
651 1399 789 1458 iracundia
811 1441 820 1468 ,
840 1401 927 1475 quim

51 1477 135 1550 provi
157 1492 202 1532 ere
217 1476 286 1532 ratio
299 1476 407 1551 potuit,
421 1493 457 1532 ne
472 1488 667 1551 occuparetur:
688 1489 719 1533 ut
732 1488 760 1534 te
774 1473 926 1536 antecom-

50 1566 132 1626 pares
158 1549 339 1627 quotidieque
366 1550 523 1618 meditere,
543 1550 718 1610 resistendum
745 1549 798 1610 esse
818 1552 927 1627 iracun7

49 1626 126 1685 'diaez
147 1640 269 1701 cumque
297 1644 329 1684 ea
352 1625 473 1685 maxime
493 1627 618 1685 animum
639 1636 776 1695 moveat,
795 1633 856 1685 tum
878 1629 928 1688 tibl

49 1699 109 1761 'effe
124 1700 324 1776 diligentillime
337 1702 460 1777 linguam
481 1702 677 1762 continendam
695 1723 703 1761 r
751 1721 795 1760 uae
809 1703 925 1780 quidem

49 1779 125 1836 milii
140 1780 223 1836 virtus
240 1795 299 1836 non
313 1777 450 1836 interdum
466 1780 558 1837 minor
581 1779 689 1837 videtur
703 1721 787 1857 qulm
801 1780 922 1839 omnino

49 1872 112 1915 non
134 1853 217 1912 irasci.
255 1854 330 1912 Nam
351 1853 416 1911 illud
445 1872 502 1913 non
525 1852 611 1913 solum
633 1854 670 1912 est
697 1856 856 1931 gravitatis,
876 1855 923 1915 scd

49 1942 267 2004 nonnumquam
283 1930 366 1988 etiarn
381 1929 564 1988 lentitudinist
585 1930 723 1989 moderari
736 1928 804 1989 vero
820 1933 849 1988 dc
863 1932 923 1990 anl'-

49 2024 121 2074 mo,
141 2006 320 2074 tentationi,
341 2004 404 2064 clim
419 2005 450 2063 sis
465 2006 546 2064 iratus
562 2047 570 2074 ,
590 2016 656 2064 ²aut
670 2009 753 2066 ctiam
767 2016 876 2075 tacere,
892 2008 948 2065 &2
963 2005 1003 2074 ²¹3²
1018 2006 1060 2047 Μ

49 2092 147 2143 tenere
162 2083 190 2141 in
209 2080 254 2139 sua
268 2081 401 2156 potestate
418 2095 529 2140 motum
555 2083 641 2140 animi
668 2083 698 2140 dc
712 2082 858 2151 dolorem,
874 2060 960 2142 etfi'st
978 2079 1003 2109 ”⁸
1018 2065 1074 2117 Μ·

49 2176 112 2218 tion
128 2159 165 2216 est
180 2157 310 2232 perfectae
331 2158 494 2234 sapientiae,
521 2171 615 2217 tamen
637 2157 754 2218 estnon
775 2157 922 2219 mediocris

49 2234 164 2307 ingenii.
200 2235 294 2310 Atque
307 2234 337 2292 in
351 2236 407 2293 hoc
420 2251 521 2310 genere
536 2231 626 2292 multo
646 2246 674 2292 te
695 2231 748 2293 esse
765 2234 825 2310 jani
840 2251 921 2294 com-

50 2310 212 2368 modiorem
243 2311 441 2387 mitioremque
472 2311 609 2369 nuntiant.
646 2310 738 2370 Nullae
758 2322 815 2370 tuae
836 2312 921 2371 vehe=
952 2322 987 2392 ῃ

50 2387 202 2443 mentiores
216 2388 302 2444 animi
315 2388 533 2456 concitationes,
552 2385 625 2445 nulla
640 2385 784 2446 maledieta
798 2386 833 2446 ad
849 2406 919 2458 nos,

50 2461 135 2520 nullae
149 2463 326 2521 contumeliae
339 2465 527 2538 perferuntur:
548 2480 612 2539 quae
627 2461 692 2521 clim
716 2462 917 2599 ²abhorrentlitb
927 2446 1071 2569 mm.

52 2726 57 2735 “
78 2743 120 2788 43.
137 2727 175 2775 Sic
186 2727 215 2774 ad
224 2742 260 2774 not
269 2720 391 2787 omniafere
402 2720 518 2786 deserunt]
532 2717 592 2779 uide*
607 2733 638 2778 an
649 2717 773 2778 rotundior
783 2714 812 2777 sit
827 2718 919 2791 oratio,

50 2780 98 2841 lle
120 2797 158 2847 a's,
174 2793 198 2838 ur
209 2786 306 2852 quidam
323 2789 336 2839 ὲ
353 2793 481 2847 veteribus,
496 2804 547 2839 rani
556 2792 624 2842 editis
634 2807 708 2856 quam
721 2791 919 2850 mannestando,

50 2805 177 2917 {xhiienti
193 2856 231 2899 Sic
240 2854 314 2899 adnot
323 2853 445 2912 omnesfere
454 2854 566 2912 deferunt:
583 2859 654 2912 nibal,
669 2873 716 2902 cum
727 2855 779 2913 absst
788 2852 917 2910 iracitadia,

50 2920 115 2966 'icere
120 2917 202 2976 solent,
218 2928 238 2961 te
249 2915 303 2975 fieri·
314 2916 367 2977 poffe
376 2917 503 2976 jucandius.
536 2916 584 2965 Alii
594 2930 702 2981 praterea
715 2914 862 2981 transpositis
873 2931 922 2980 vo(

50 2979 112 3031 ibus
122 2977 249 3026 dederunt:
267 2981 305 3024 Sic
313 2979 342 3024 ad
351 2995 387 3025 not
399 2995 466 3025 omnes
476 2977 588 3032 deferunt:
601 2980 648 3040 fere
657 2982 715 3028 nibli
724 2977 769 3033 dyc.
800 2979 868 3028 Nihil
879 2992 918 3028 τιὸ

50 3058 102 3097 oen
115 3054 232 3090 mutatum
246 3041 479 3090 veliniinorationis
495 3040 616 3091 contextui.
652 3040 748 3106 Verburg.
838 3100 842 3105 p

70 3124 114 3169 44·
131 3111 165 3151 vr
175 3123 199 3150 ne
210 3105 286 3167 quod]
311 3104 347 3151 Sic
357 3102 427 3152 habet
440 3103 534 3153 Balliol.
545 3117 571 3151 ut
581 3105 714 3154 extulenant
725 3107 822 3169 'quoque'
833 3093 917 3153 vibio·

51 3166 116 3221 l'inae
127 3166 243 3217 editiones
255 3197 263 3221 ,
280 3178 322 3213 nec
332 3163 378 3214 scio
389 3181 428 3215 cur
439 3163 555 3229 insequuti
565 3159 667 3216 delerini
677 3168 788 3217 vonilam
799 3168 916 3231 primam,

51 3244 118 3293 ¹ricini
130 3230 217 3282 millies
227 3230 259 3277 ita
271 3243 300 3276 ex
311 3228 441 3279 abundanti
450 3243 480 3292 ap
497 3229 548 3278 onir
558 3230 665 3286 Tullius,
679 3243 704 3279 ut
714 3231 739 3279 in
751 3229 794 3279 liae
804 3227 852 3294 ipse
860 3244 915 3294 par-

51 3308 63 3344 e
79 3305 157 3347 ni,2.
171 3291 261 3347 ¹lisdem
273 3282 383 3341 omnibus
395 3289 485 3340 audtori
516 3290 638 3342 seandem
650 3294 759 3343 voculam
776 3307 835 3341 mon
849 3290 916 3343 nesii·

51 3355 92 3411 Ji,
110 3369 135 3400 aar
146 3368 165 3400 te
174 3371 222 3400 ante
231 3369 348 3418 compares,
364 3362 393 3402 ει
405 3353 496 3403 solenni
505 3355 624 3421 §legantial
633 3355 658 3404 in
670 3353 740 3405 ea'du
756 3355 850 3425 licandfl
859 3338 915 3421 poff
972 3400 978 3417 ,

51 3414 261 3492 iterpofirionem:
279 3410 350 3482 idque
356 3416 504 3468 observatum
514 3419 564 3480 iam
574 3419 620 3471 tut
629 3371 830 3479 etizmffll‘a
838 3431 854 3467 ⁸
862 3420 914 3483 qm

51 3475 352 3546 redisceffeiunrposleiie
367 3483 498 3534 Gramato.
531 3488 536 3495 ·
653 3500 672 3531 ι,
698 3484 702 3491 ’
865 3532 869 3539 ,

457 3547 562 3609 ratiti
793 3548 833 3607 aa
848 3533 916 3609 θεέ·
