2296 3900
334 128 338 135 ·
395 109 429 180 V
472 136 484 181 r
524 130 547 180 r
587 130 625 185 Α.
656 182 659 187 ,
865 128 946 197 2205

61 226 133 291 ,terit
147 223 344 284 vadimonium
358 216 416 281 fine
429 222 550 292 Attico,
569 217 681 298 sponsor
704 220 834 282 oninium
849 235 944 285 rerum
1053 280 1057 287 .

67 302 168 361 fuerit.¹
201 301 397 379 quinetiam,
418 298 548 359 cumilln
564 296 684 358 fundum
697 296 816 359 secundi
830 299 943 361 fortuni
1036 364 1040 373 ,
1075 294 1086 307 ”

65 375 178 437 emillet
191 379 220 436 in
235 377 329 447 diem,
348 392 440 452 neque
455 374 515 452 poll
536 374 721 435 calamitatem
743 374 880 437 versuram
902 378 944 436 fa·

67 470 134 523 cere
156 450 285 531 potuillet
305 494 314 522 ,
333 452 378 511 ille
397 451 425 511 se
443 451 626 528 interposuit:
653 453 858 531 pecuniamque
885 450 944 512 line

69 531 321 606 foenore-lineqne
349 528 403 588 ulla
431 527 606 604 stipulatione
627 528 767 598 credidit,
786 530 945 595 maximum
1084 584 1090 603 ,

71 602 228 666 existimans'
241 605 401 685 quaestum,
420 602 580 681 ¹inemorem
601 618 766 740 gratumpue
787 606 943 685 cognosci,
987 610 990 615 '
1084 622 1089 631 ·

71 682 245 760 ²⁶timulque
266 684 395 757 aperire,
420 680 448 740 le
467 682 691 751 nonzfortunae,
728 682 764 741 ed
783 683 944 743 hominibus
1008 746 1011 753 ,

69 759 158 819 solere
179 758 404 826 effe=nmicum3
425 772 491 835 quac
518 756 584 817 clm
605 758 745 829 faciebat,
765 777 853 820 nemo
874 777 942 819 eum
1038 758 1090 852 ’ζ

70 839 205 912 temporit
218 832 297 895 canii
309 838 399 895 facere
420 846 528 910 poterat
548 833 708 894 existimare.
745 837 854 895 nemini
868 832 945 916 enim'
1060 838 1063 843 '

68 913 102 971 in
121 914 286 989 opinionem
314 912 465 980 veniebat,
485 912 644 970 Antonium
668 926 759 970 rerum
780 910 943 988 potiturum,

70 988 119 1048 sed
133 990 314 1064 :senioretus
328 988 345 1047 l
368 988 508 1048 nonnullis
528 988 704 1065 optimatibus
725 988 968 1062 reprehendeba·¹
984 987 1068 1044 senuna

72 1078 133 1136 cnr,
153 1064 231 1142 quod
242 1083 340 1141 parum
355 1062 439 1124 odiffe
454 1064 542 1122 rnnlos
556 1065 630 1123 cives
644 1065 790 1124 videretur.
829 1066 878 1125 Ille
895 1084 942 1124 au·
949 1058 970 1107 1⁸
980 1055 994 1104 ³
1005 1058 1055 1108 ⁴¹¹7·

72 1154 134 1221 tem
148 1142 187 1202 sui
203 1143 301 1221 judicii
334 1140 447 1217 potius,
494 1139 541 1198 uid
561 1140 587 1199 se
608 1143 698 1199 lacere
719 1139 864 1217 patefiet,
902 1140 945 1203 i'n-

73 1219 217 1288 tuebatur,
236 1217 322 1295 qulm
337 1217 405 1296 quid
418 1159 617 1276 alulaudaturi
630 1216 731 1276 forent.
925 1235 929 1243 ·
1039 1231 1043 1238 ·

113 1297 149 1353 Χ.
168 1296 330 1354 Contere
341 1316 353 1353 s
364 1314 381 1352 n
394 1295 535 1352 atornma
550 1293 597 1353 est.
623 1305 654 1352 ut
670 1296 808 1355 Antonius
820 1296 900 1357 rediit
915 1299 966 1365 lny
983 1296 1058 1346 subin

74 1372 184 1431 Italiam
199 1414 208 1441 ,
236 1388 324 1431 ncnto
343 1388 403 1430 non
416 1388 521 1447 magno
535 1369 658 1445 periculo
672 1371 800 1431 Atticum
821 1364 1010 1451 putarat,f⁰¹‘·
1022 1363 1079 1417 ω·

73 1461 188 1524 propter
201 1449 329 1508 intimam
343 1448 554 1508 familiaritatem
563 1446 833 1511 Ciceronis&Bruti.
852 1452 947 1529 itaque

73 1524 110 1584 ad
125 1525 276 1584 adventum
297 1526 497 1601 imperatorum
519 1524 554 1583 de
576 1524 640 1582 foro
661 1521 825 1598 decefferat,
839 1529 947 1590 timens

73 1601 325 1678 proscriptionem:
346 1603 500 1678 latebatque
521 1600 596 1676 apud
612 1600 643 1658 P.
658 1601 870 1677 Volumnium,
884 1607 948 1676 cui,

74 1689 106 1736 ut
121 1677 291 1737 ostendimus
306 1678 397 1754 paullo
412 1692 493 1749 ante,
513 1692 599 1753 opem
612 1676 718 1737 tulerat.
737 1693 813 1739 tanta
832 1683 948 1743 varietas

76 1755 117 1812 his
130 1754 302 1831 temporibus
316 1755 368 1813 fuit
383 1756 505 1814 fortunae
519 1796 528 1823 ‚
548 1764 580 1811 ut
593 1753 682 1812 modb
695 1755 743 1824 hi,
763 1757 852 1817 'inodo
866 1760 903 1817 illi
917 1760 947 1818 in
1049 1824 1053 1831 ¹

71 1830 187 1891 fummo
202 1828 356 1890 clientant
376 1831 482 1907 fastigio
501 1841 548 1888 aut
567 1829 698 1905 periculo.
724 1832 841 1909 habebat
853 1833 947 1895 secum
1024 1864 1027 1869 ·
1050 1842 1054 1847 '
1085 1852 1091 1911 ζ
1119 1900 1122 1907 ,

77 1918 107 1961 ²7
115 1908 237 1968 Gellium
266 1906 377 1966 Canum
394 1950 402 1979 ,
422 1907 560 1983 aequnlem
584 1905 753 1966 simillimum
774 1926 810 1967 ue
823 1909 871 1969 fui.
891 1912 947 1970 hoc
994 1924 999 1935 ·
1075 1908 1086 1977 ’,

72 2002 191 2062 quoqne
205 1982 239 2044 lit¹
250 1983 339 2042 Anici
352 1984 479 2042 bonitatis
494 1982 655 2058 exemplum
671 2025 680 2053 ‚
699 1924 779 2059 quii}
800 2004 865 2044 cum
886 2004 922 2045 eo
938 2030 947 2055 ‚
1001 2030 1004 2037 .

76 2078 162 2136 quem
176 2078 294 2137 puerum
309 2060 419 2129 inludo
432 2072 583 2136 cognorat,
602 2059 673 2117 adeo
696 2060 947 2136 conjunctum,
1000 2114 1003 2119 .
1092 2100 1096 2115 ·

76 2150 108 2194 ut
121 2138 156 2195 nd
171 2150 324 2195 extremam
340 2150 452 2195 aetatem
465 2134 585 2197 amicitia
601 2153 700 2194 eorum
722 2139 846 2204 creverit
885 2142 946 2200 An·
1080 2136 1084 2142 ’

76 2215 170 2272 tonius
183 2226 303 2283 nutem„
315 2211 364 2272 etsi
376 2224 454 2273 tanto
469 2213 537 2289 odio
548 2212 688 2271 ferebatur
708 2212 738 2271 in
750 2214 919 2281 Ciceronem
937 2194 1037 2292 ,ζῶε
1062 2242 1065 2247 ·
1084 2214 1096 2246 ³

77 2300 109 2347 ut
123 2306 183 2347 non
196 2288 283 2349 sollum
298 2291 346 2358 ei,
365 2288 509 2349 sedetiam
523 2288 653 2353 omnibus
674 2287 742 2347 ²suis
763 2291 859 2351 amicis
879 2291 946 2354 effec
955 2309 1008 2355 MS.

76 2365 223 2432 inimicus,
241 2383 345 2444 eosque
358 2366 442 2425 vellet
455 2364 620 2441 proscribere
634 2387 643 2433 ;
672 2365 764 2424 multis
777 2367 947 2431 hortantibus
987 2373 1011 2420 Ρ.
1032 2371 1061 2424 Β.

75 2453 172 2500 tamen
198 2442 286 2500 Attici
310 2459 421 2501 memor
434 2440 604 2502 fuit-officii:
625 2443 655 2500 &
669 2441 719 2511 ei,
740 2441 806 2501 cbm
825 2444 948 2521 reqnifrf-

889 2521 949 2594 set,

109 2644 147 2687 26.
164 2641 279 2705 Simulque
288 2644 389 2704 pectre]
403 2641 501 2692 Videtur
509 2639 638 2706 legendum
647 2651 751 2704 apparere.
768 2640 794 2690 δι
805 2639 839 2690 ita
848 2639 950 2693 Vidine·

76 2712 155 2749 tatum
164 2704 193 2750 ¹in
202 2703 263 2752 libro
273 2704 375 2753 camilli
386 2705 513 2768 sighicclli.
545 2706 618 2764 vrfin
909 2768 915 2780 .

77 2763 956 2899 inbtinnienti,tssitinnstttzulttntlttss

77 2893 177 2939 Gellium
190 2896 268 2963 tynum
279 2895 387 2958 aqualem.
405 2899 444 2942 De
454 2893 501 2942 hoe
511 2893 630 2943 Martialis
641 2892 702 2950 ‚tib
711 2906 731 2943 r.

215 2958 303 3007 Gaudet*
311 2957 385 3017 jocosa
401 2961 466 3006 Canio
477 2959 517 3017 suo
533 2959 605 3005 Gades

249 3024 349 3068 Emerita
362 3026 447 3068 Decano
462 3037 515 3069 meo.

77 3087 109 3132 Et
120 3080 172 3146 poll
183 3084 319 3147 non‘longe
329 3086 420 3130 Canium
434 3084 552 3132 nominat.
573 3084 604 3130 Et
615 3078 655 3129 lib.
664 3093 710 3130 ur.
726 3080 899 3147 Epigrammat.
909 3098 951 3135 ao.

78 3149 104 3194 br
117 3160 153 3194 aa.
171 3148 260 3193 cantum
270 3147 357 3214 ψη
368 3145 456 3196 laudat.
474 3145 611 3195 Erubuit.
628 3143 745 3207 Epignoe
759 3147 784 3194 δι
795 3153 833 3195 rt.
850 3150 881 3194 Et
896 3149 953 3210 epi«

79 3206 140 3256 boll
152 3208 238 3258 valerii
248 3209 278 3257 ad
289 3208 417 3265 Rufinum,
432 3210 495 3257 inter
503 3221 614 3268 eamque
624 3212 655 3257 D.
667 3211 816 3272 Hieronymi.
833 3210 947 3260 Meminit

80 3272 108 3319 &
118 3273 205 3320 Cicero
216 3270 288 3330 sape,
303 3272 447 3322 utlibxrrr.
462 3286 500 3334 ep.
514 3287 549 3326 3¹·
571 3270 617 3319 Ubi
633 3279 713 3319 canum
728 3277 754 3320 ln
769 3272 867 3335 optimis
882 3271 949 3322 librla

80 3330 189 3396 scriptum
206 3334 340 3397 affirment:
356 3338 473 3397 &ep.4r.
489 3333 529 3384 ttb.
541 3348 604 3383 xrrr.
621 3340 699 3380 cinam
711 3333 786 3383 filiam
801 3336 892 3397 eluso..
903 3335 947 3382 Ci-

47 3420 52 3430 ·
81 3400 162 3445 cenom
171 3395 225 3446 filio
234 3410 335 3461 nuptum
351 3396 408 3446 dare
423 3395 522 3447 voluiffe
545 3396 659 3462 colligere
673 3398 748 3456 licen
762 3396 830 3464 quod
845 3412 876 3447 an
892 3395 906 3445 ὲ
922 3408 957 3446 tc·

80 3454 145 3509 folet
167 3463 259 3514 Anima
274 3459 374 3523 biblum
389 3458 476 3514 libzi.
490 3474 580 3526 epar.
613 3461 719 3515 unnim.
761 3493 763 3497 <
851 3484 855 3489 ·
886 3530 897 3570 Ι
921 3526 943 3569 v

869 3537 884 3572 Ι
900 3557 907 3573 ·
945 3533 954 3570 i
