2296 3900
251 102 332 186 2098
410 100 520 169 Error.
541 118 593 165 au
613 101 785 184 Qunarurt
807 100 982 173 enarrer«

270 231 316 271 uae
329 210 469 279 dixeram,
489 213 631 269 nemeaea·
672 206 779 286 spissum
794 204 865 270 sane
879 229 946 289 opus
965 210 995 267 &
1015 224 1106 285 opero·

202 329 207 335 -
244 231 318 349 sum.
354 286 401 345 sed
414 285 434 344 fi
448 302 483 344 ex
496 285 628 347 sententia
641 283 807 355 successerit,
827 288 899 345 bene
912 288 963 345 erit
972 302 1106 361 operapo-

250 365 309 423 fita.
344 363 385 422 srn
399 362 504 421 ninus:
525 364 554 422 in
567 356 634 422 illud
647 361 735 439 ipsum
749 380 825 421 mare
841 361 1020 439 dejiciemus,
1039 359 1106 436 quod
1135 408 1140 439 e

102 437 414 515 bsueQMscribentes
442 437 602 514 spectamus.
646 438 836 514 aggrediemur
870 438 945 507 alia,
984 438 1107 513 quortr
1137 448 1140 455 '

102 516 140 553 *θ’
152 501 230 610 Ῐᾞ·
251 515 390 595 quiescere
403 533 461 574 non
481 512 631 591 possumus.
668 516 735 573 Tua
748 513 877 573 mandata
898 512 1110 589 persequardill·

103 570 224 691 lma-⁶
252 606 349 669 genter
364 634 372 661 ,
391 593 422 650 dc
436 591 614 666 adjungendis
626 590 800 659 hominibus,
818 590 871 648 ⁶&
884 589 1048 666 quibusdam
1061 606 1107 647 non

102 704 158 739 mu,
167 692 218 737 atti.
252 667 407 735 alienandis.
443 667 581 725 Maximae
594 668 664 726 mibi
682 665 750 724 verb
764 683 837 734 curae
859 668 933 735 etit,
960 678 992 724 ut
1007 665 1108 723 Cicero·
1140 696 1144 733 ς

103 750 320 803 ειιῐῐᾱίιιηεω
341 758 422 803 tuum
440 744 620 820 nostrumque
641 742 771 811 videam,
788 741 889 802 scilicet
903 741 1033 819 quotidie
1050 761 1057 798 ε
1073 740 1108 800 soal
1141 746 1144 753 '

104 813 171 879 quib.
205 830 208 835 '
253 820 393 897 inspiciam
415 819 481 897 quid
501 819 583 877 discat
617 817 702 895 qu'am
721 817 885 894 saepifflne:
917 821 973 889 δι,
1008 816 1058 877 nili
1073 817 1108 875 ille

104 894 456 966 denotem-scentemnet,
476 896 560 953 etiam
578 894 735 969 magistrum
750 912 797 952 me
810 897 835 952 ei
849 894 1003 970 profitebor
1019 914 1027 952 r
1046 894 1106 969 crrju

104 980 146 1025 nat
159 969 210 1018 ω·
253 974 293 1032 rei
307 973 469 1032 nonnullam
485 971 713 1030 consuetudinem
726 971 820 1029 nactus
834 970 892 1029 sum
904 973 935 1030 in
947 972 1007 1030 hoc
1020 971 1104 1029 hotuu

103 1048 217 1161 {mo-
254 1049 360 1108 dierum
375 1049 463 1182 0ῑίοέ
474 1047 612 1182 Cicderonest
632 1046 726 1182 ngastro
746 1046 892 1182 ⁶⁶¹J¹i¹¹9f⁶
910 1044 1106 1183 θῇρῐοάιιῗεέξὲ.
1135 1086 1139 1163 '3

106 1178 184 1227 eu·
254 1126 789 1276 ltalltltlllnlltaltl
802 1136 938 1269 silim,
951 1139 1139 1267 ”didm

252 1277 341 1346 licet,
360 1289 390 1337 ut
410 1294 473 1335 mea
495 1276 624 1335 mandata
645 1276 769 1352 digeras,
783 1276 965 1354 persequare,
985 1274 1106 1335 conficiat
1135 1310 1139 1343 :

253 1354 341 1428 Ego,
368 1353 432 1412 clun
459 1352 583 1412 Romam
605 1370 733 1422 uenero,
775 1353 881 1412 nullum
930 1354 1104 1411 raetermittam
1134 1350 1139 1417 i

254 1428 365 1489 Caesaris
378 1427 564 1500 tabellarium,
582 1430 739 1488 cuilitteras
752 1427 786 1486 ad
800 1440 827 1487 te
834 1447 894 1489 uon
907 1372 984 1489 sem.
1003 1425 1105 1487 Hiadie·
1136 1422 1140 1497 l

107 1511 183 1586 tute·
255 1504 305 1563 bus
323 1504 468 1581 (ignosces)
476 1502 522 1562 cui
536 1505 648 1575 darem,
667 1506 719 1563 fuit
731 1522 818 1564 nemo
831 1518 896 1564 ante
909 1507 987 1565 hunc
1000 1502 1107 1561 Maon
1136 1544 1141 1597 Ι

108 1572 233 1638 orphum.
255 1579 342 1650 lium,
362 1582 484 1657 equitem
498 1581 678 1650 Romanurn,
697 1581 820 1639 nostmm
835 1582 864 1639 δι
881 1576 1107 1656 pernecessarium,

256 1658 286 1715 &
299 1655 377 1735 quod
390 1656 427 1727 est
441 1674 476 1715 ex
497 1659 649 1733 municipio
671 1657 823 1715 Atellano:
851 1657 928 1732 quod
956 1658 1004 1717 scis
1024 1650 1108 1714 elseirr

254 1732 309 1793 fide
323 1732 420 1792 nostra.
458 1733 554 1810 ltaque
577 1751 642 1792 eum
664 1732 713 1791 tibi
734 1733 906 1792 commendo
925 1734 957 1792 in
984 1731 1108 1806 maiorem

254 1810 389 1879 modum,
408 1810 555 1868 hominem
569 1809 648 1867 domi
660 1807 830 1883 splendidum
846 1850 855 1877 ,
874 1807 1024 1885 gratiosum
1039 1807 1109 1867 etiam

155 1894 159 1899 ’
253 1899 330 1945 extra
343 1886 476 1945 domum:
496 1902 581 1962 quem
595 1886 639 1943 fac
652 1897 684 1942 ut
696 1897 744 1944 tua
764 1883 922 1944 liberalitate
942 1885 992 1943 tibi
1014 1883 1110 1958 obliget

248 1962 295 2036 ¹eil
307 1962 428 2022 tribunus
443 1961 562 2020 militurn
576 1962 604 2020 in
623 1962 746 2019 exercitu
765 1961 866 2035 noslro.
905 1974 1018 2036 gratum
1032 1958 1111 2018 honi

257 2056 325 2098 nem
344 2037 587 2114 observantemque
610 2036 768 2113 cognosces,
805 2037 972 2097 Trebatium
992 2050 1025 2097 ut
1045 2034 1111 2095 rude

257 2131 333 2174 ames
351 2114 532 2174 uehementer
546 2126 573 2172 te
587 2130 666 2189 rogo.
702 2113 783 2174 Vale.

517 2316 779 2369 EPIS‚TOLA
809 2317 870 2364 XV·

426 2452 626 2513 mancus
654 2456 693 2528 Q.
719 2451 900 2513 cuntur
930 2452 957 2511 s.

53 2632 56 2639 ·
146 2602 150 2609 ’
221 2650 224 2657 .
256 2605 360 2714 ΑΙ).
380 2605 610 2692 11r1.non.Jun.
629 2622 687 2680 quo
710 2594 755 2691 die
775 2605 897 2691 Romam
920 2582 1143 2693 venatoni-

304 2697 311 2712 ·
329 2694 388 2741 tuas
401 2681 517 2749 litteras,
537 2682 611 2740 datas
624 2681 787 2740 Placentrae:
808 2680 908 2739 dernde
923 2680 1020 2741 alteras
1033 2682 1115 2757 polln-

256 2757 300 2818 die
316 2799 325 2827 ,
344 2757 418 2816 datas
430 2756 674 2827 ⁶⁷·Blandenonae,
694 2773 760 2815 cum
776 2756 888 2815 Caesaris
900 2757 998 2816 litteus
1012 2799 1022 2826 ,
1042 2758 1114 2843 reser-

1086 2844 1113 2893 tu

286 2992 325 3035 66.
341 2988 446 3043 trinua]
474 2983 527 3033 Scin
542 2981 605 3033 teste
620 2981 711 3034 ἀίἃυπι
722 2988 802 3032 tninm
813 3001 822 3042 ς
838 2996 863 3034 ut
874 2984 890 3033 ὶ
901 2983 1007 3045 majore,
1021 2984 1115 3049 Quin&

253 3047 319 3104 silio,
334 3046 500 3112 distinguamur
515 3044 642 3111 quomodo
657 3048 682 3096 dt
693 3048 817 3097 Africanus
828 3048 924 3106 major,
942 3048 1115 3097 Africanusmi·

255 3125 319 3166 noer
338 3115 401 3159 caro
413 3110 508 3166 ma'or,
524 3110 697 3167 catominorr
714 3125 813 3159 moveor
829 3124 910 3158 tamen
925 3107 1117 3174 suspicionemn-

256 3173 335 3228 nulla,
352 3189 381 3221 ne
392 3174 435 3237 glo
454 3186 508 3220 ema
519 3170 603 3227 suerit,
620 3171 727 3222 additum
742 3172 772 3221 ad
784 3172 860 3229 illud,
875 3173 959 3230 Nostro.
992 3189 1033 3223 cur
1050 3174 1117 3231 euim.
1139 3188 1145 3225 t

256 3232 351 3282 eumad
362 3235 459 3286 fratrem
470 3232 565 3293 scribat,
575 3232 688 3298 adiungat
698 3241 796 3283 minore?
814 3251 893 3285 nonne
904 3235 958 3285 satis
971 3234 1051 3286 filium
1062 3236 1117 3286 suurn
1137 3278 1142 3297 ,

257 3295 359 3406 {billius
369 3296 420 3347 filio
429 3297 548 3355 distinxit,
564 3311 619 3346 cum
629 3295 659 3347 de
673 3298 715 3348 suo
732 3299 810 3356 dixit,
826 3299 912 3359 nostro,
928 3298 961 3348 de
975 3300 1043 3357 illo,
1058 3314 1120 3349 tm.

279 3394 285 3406 .
320 3372 379 3408 auur.

287 3426 326 3481 67.
342 3422 499 3484 turmam]
513 3422 660 3478 Meudosutu
671 3422 754 3478 locum
762 3422 891 3487 existimo,
906 3427 933 3480 δι
944 3440 987 3481 cut
996 3426 1121 3480 eriumeu

1078 3502 1122 3540 tau·
