2296 3900
181 126 376 191 Errsr.
420 142 492 188 nn
536 128 1011 221 Arrrcnu.1669'

68 237 150 296 inas.-
171 234 201 292 &
216 231 252 290 fic
268 232 397 306 putabam
414 272 422 298 ,
442 240 470 286 te
486 230 657 316 tcertiorem
681 229 784 290 fabium
808 249 866 290 non
882 231 981 323 else,g
997 254 1085 306 poppo.

73 310 164 371 modo
188 311 299 368 valeres.
342 305 474 382 ¹cripseras
505 324 580 379 eninr
603 319 630 363 te
654 307 777 383 quodam
801 309 954 370 valitudinis
964 337 1012 370 rem
1022 327 1110 374 uanus.

74 406 177 476 genere
191 386 300 445 tentari.
339 382 477 444 bacurius
499 384 611 459 quidam
638 384 743 442 Rhodo
764 404 877 446 venerat
900 385 1104 447 nnereffiorem
1132 428 1145 451 χ

78 466 115 524 td.
137 466 235 539 Quint.
259 464 280 521 is
302 472 462 527 nuntiabat,
484 461 623 531 Quintum
649 461 736 518 filium
761 463 793 520 atl
816 462 952 525 Cael'arem
967 452 1012 509 Μ·
1027 515 1041 525 ..

81 534 237 627 proieeinm
264 556 302 594 rr.
325 538 377 596 kal.
399 538 461 609 jun.
493 538 673 595 Philotimum
706 539 837 597 lelum
868 544 953 617 pridie
964 512 1079 639 Ἇέυὶξυς,

81 630 163 676 ¹eurn
178 618 254 676 drern
269 611 389 681 venille,
409 613 507 671 habere
522 614 555 671 ad
572 633 617 671 me
631 615 741 673 litteras.
775 617 862 691 ipsum
879 620 953 677 Acu-
963 655 1002 685 ,m
1014 646 1094 704 nugu-

81 693 150 753 fiutn
172 693 289 760 audies,
310 692 354 751 leti
376 689 475 749 tnrdiits
496 693 547 748 iter
569 691 692 749 faciebat.
734 703 806 751 §teo
829 696 906 764 feci,
926 701 1021 755 utrius.

79 771 156 847 ¹lego
180 771 303 829 celeriter
332 769 406 825 eunti
437 763 539 825 darem.
598 769 664 843 quid
694 768 724 826 stt
754 770 781 826 in
805 771 836 828 iis
864 764 1087 840 litterisifliielu·

83 848 194 908 nescio:
214 845 260 906 sed
273 845 342 904 milri
358 845 436 902 valde
451 846 573 920 Quintus
587 846 669 903 frater
683 846 839 921 gratulatur.
879 827 1046 984 epm-{ffgo
1056 888 1111 950 Μ

912 944 1061 1004 eminulis.

85 1078 156 1142 eiquo
167 1077 234 1130 libro.
267 1083 333 1128 Nam
353 1091 477 1126 cumeum
499 1077 580 1128 multis
594 1078 654 1127 loeis
670 1077 767 1128 fidelem
785 1079 961 1131 animadverte·

86 1143 147 1198 rim,
163 1146 201 1192 vix
216 1141 282 1208 poss'e
293 1158 350 1207 puto
362 1142 430 1190 illurn
444 1142 516 1190 fidem
527 1144 628 1190 tallere:
651 1146 676 1191 bt
694 1143 725 1189 ob
743 1146 804 1190 lranc
823 1143 915 1193 causam
931 1160 961 1194 ea

84 1207 161 1317 {llll
171 1221 245 1317 ’rw‘
258 1204 960 1318 '¹⁰¹¹lllzlllllllll‘llrlr¹¹¹ll⁹¹l“²l‘l3ill¹¹⁰¹¹l

83 1300 133 1378 ciem
148 1284 417 1394 :nieu’pffimtffmij
430 1334 496 1379 eninr
510 1286 630 1394 'regeptgm
644 1272 960 1382 setiiorssfnuconserssabgz

83 1407 229 1445 nontamen
240 1396 372 1445 adenbanc
384 1398 514 1458 pravam&
528 1397 633 1465 ineptam
649 1396 727 1453 judico
742 1429 749 1450 ,
767 1408 791 1443 ut
807 1409 862 1443 eam
874 1409 961 1445 notam

82 1455 163 1507 facete
173 1460 306 1508 noluerim:
325 1456 397 1523 pollet
410 1460 474 1506 euim
489 1456 585 1506 l'ortalle
603 1477 614 1501 a
633 1462 677 1505 ailo
693 1460 755 1522 legi,
772 1456 810 1506 ubi
826 1462 888 1506 Nillo
899 1460 961 1525 legi-

83 1531 131 1593 tur.
162 1537 224 1594 'uam
235 1521 326 1594 alrbiin
337 1519 430 1588 vetustis
445 1520 617 1583 exemplaribus
633 1521 681 1570 hoo
697 1536 787 1569 nornen
802 1519 833 1569 lic
848 1518 960 1584 scripturn

83 1584 468 1717 llssllrulll‘q‘ltllllt
485 1581 522 1694 l?
535 1582 963 1711 illlllin‘lbnl‘lnllrtl

87 1708 155 1757 reste
171 1723 202 1757 an
217 1724 338 1774 perperam
350 1710 409 1757 nibil
420 1712 450 1757 ad
462 1725 502 1758 me
513 1714 552 1771 qui
564 1726 604 1758 eos
615 1712 640 1759 in
651 1711 698 1758 hoc
708 1726 759 1759 non
771 1710 860 1759 imitor.
887 1711 960 1775 and

86 1767 108 1819 fi
121 1771 155 1819 ita
165 1771 295 1836 legeretur,
311 1770 384 1835 posset
395 1772 498 1834 intelligi
507 1771 537 1820 de
547 1774 630 1821 litteris
641 1774 701 1826 illis,
719 1788 777 1834 quas
789 1774 874 1821 Cicero
885 1773 962 1822 bea·

85 1833 154 1887 sare,
172 1833 229 1884 dum
241 1834 317 1883 adhuc
331 1832 477 1883 alexandria
488 1832 557 1891 effer,
573 1837 676 1897 accepit:
693 1848 717 1883 ut
727 1836 774 1899 iple
784 1835 855 1884 tradit
867 1838 891 1883 in
906 1851 963 1885 ora·

88 1897 159 1945 tione
175 1913 219 1962 pto
234 1898 332 1963 Ligurio
348 1898 384 1946 bis
401 1895 493 1945 verbis:
517 1900 582 1958 Apud
596 1914 659 1962 quem
674 1903 740 1960 igitur
750 1902 785 1946 hoc
803 1902 871 1945 dico?
888 1899 961 1962 nempl

87 1961 148 2021 apud
157 1978 220 2018 eum,
236 1968 277 2026 qui
286 1978 334 2009 cum
345 1964 382 2008 boc
392 1960 459 2021 sciret
470 1992 477 2014 ‚
493 1973 563 2006 tamen
573 1978 605 2007 me
615 1974 728 2022 antequam
744 1963 805 2006 vidit
815 1993 824 2017 ,
846 1964 897 2022 rrr'p.
914 1963 964 2009 red·

88 2023 168 2069 didit:
183 2028 223 2089 qui
232 2027 263 2072 ad
271 2042 305 2072 nu
315 2042 341 2072 ex
353 2026 453 2133 νίψω
465 2025 548 2069 litteras
559 2024 629 2082 mt'str,
645 2036 669 2069 ut
679 2023 739 2082 effem
751 2025 808 2070 idem
819 2027 857 2086 qui
866 2023 963 2085 furffem.

89 2088 124 2135 Ut
135 2085 195 2139 dicar
207 2087 230 2137 se
241 2102 388 2153 magnopere
415 2081 537 2134 efideraffe
548 2086 594 2134 illis
610 2086 754 2150 temporibus
768 2086 859 2134 litteras
875 2088 963 2145 Attici,

90 2150 118 2198 δι
130 2151 282 2200 vehementer
291 2150 434 2200 admiratum
445 2144 491 2197 effe
501 2163 555 2197 eum
567 2147 630 2198 adse
641 2164 692 2197 non
702 2145 825 2212 seripsrll'e,
841 2163 896 2197 curn
907 2164 965 2214 pro-

88 2213 186 2277 pinquis
197 2215 291 2263 inlotis
302 2213 371 2271 eliet,
389 2214 415 2263 δι
426 2210 557 2261 commode
573 2213 620 2262 hoc
636 2210 714 2261 facem
723 2208 798 2275 posset
811 2228 817 2259 ι
834 2210 911 2262 Cesar
921 2226 965 2261 au·

80 2287 145 2323 ¹tem
155 2275 184 2324 ad
193 2276 240 2326 lea
252 2279 312 2327 Nilo
322 2291 413 2340 usque,
430 2278 455 2325 δι
467 2273 482 2325 ὲ
493 2275 654 2325 remotiffimis
669 2272 802 2339 regionibus
817 2275 907 2323 litteras
916 2276 965 2324 mi·

91 2334 162 2388 fillet.
196 2344 260 2390 Nam
275 2340 345 2390 facile
361 2336 437 2404 potest
452 2353 542 2388 certum
557 2338 648 2404 aliquid
662 2336 693 2386 de
707 2338 752 2388 hac
767 2352 793 2386 te
808 2336 890 2387 statui:
905 2352 965 2388 nam

91 2411 148 2449 tora
157 2401 255 2465 epistola
263 2402 407 2453 mendorum
417 2404 486 2467 plena
497 2403 530 2453 est
543 2419 549 2451 ε
566 2405 592 2452 &
607 2402 691 2452 vitium
705 2403 778 2451 eriam
795 2398 843 2449 elle
857 2402 883 2449 in
899 2400 968 2467 supe·

91 2463 193 2514 rioribus
205 2466 278 2517 verbis
290 2480 355 2531 puto.
373 2468 451 2514 Vilior.
483 2468 526 2514 Sed
536 2482 602 2530 quum
611 2481 625 2510 a
636 2467 687 2512 Nilo
697 2465 814 2526 acceprffnn
831 2468 860 2520 1.]
888 2467 968 2514 Litte-

90 2539 145 2585 ras,
160 2544 247 2593 nempe
263 2529 381 2586 camilli,
397 2543 497 2593 quarum
518 2528 631 2592 principio
647 2528 764 2577 meminit.
798 2524 871 2590 Quod
885 2539 968 2578 autem

90 2587 208 2654 sequitur,
224 2594 260 2651 etfi
273 2592 374 2655 putabam
389 2605 409 2641 tr
424 2595 532 2639 certiorem
546 2590 632 2649 fallunt
648 2608 688 2636 non
704 2586 760 2649 effe,
782 2589 859 2637 intelli
891 2588 968 2643 ndum

91 2652 128 2703 est
143 2656 173 2703 de
188 2656 337 2718 profestione
348 2655 418 2711 Nili,
434 2669 507 2717 quum
519 2653 602 2703 isthinc
614 2652 644 2701 ad
659 2666 700 2701 me
709 2665 845 2701 venturuse
865 2664 897 2702 et.
929 2656 967 2705 Sic

91 2717 215 2767 luculenta
231 2721 336 2775 omnia,
351 2733 394 2767 nec
416 2719 462 2767 alia
477 2716 623 2766 restitutione
642 2717 692 2765 ulla
707 2713 798 2771 videtur
813 2711 881 2766 fuilse
897 2731 965 2781 opun

93 2779 186 2840 Junius.
221 2782 322 2831 Mallem
344 2796 397 2829 cum
418 2779 526 2829 Corrado
543 2783 569 2829 δι
586 2780 716 2828 Manurio:
735 2779 774 2840 sed
794 2794 843 2826 cum
867 2780 894 2825 at
916 2783 966 2835 illo,

94 2845 210 2892 Gravius.
244 2843 314 2905 Quod
325 2842 350 2891 in
363 2842 501 2907 quibusdam
514 2841 546 2891 est
557 2846 634 2900 Nillo,
650 2843 726 2906 magis
742 2839 831 2891 aceedit
847 2838 878 2891 ad
892 2844 967 2900 nullo.

94 2907 130 2956 ob
141 2907 265 2955 lenitatem
275 2906 473 2970 pronuntiationis
485 2905 566 2970 saepeu
577 2908 603 2955 bt
614 2908 622 2954 i
633 2909 725 2961 mixto,
741 2916 815 2966 quam
826 2909 887 2954 Nilo.
903 2906 968 2953 Hine

94 2985 172 3034 quum
183 2970 223 3018 alii
235 2972 306 3035 plane
315 2968 440 3018 exhibeant
453 2972 527 3025 nullo,
543 2967 567 3016 id
584 2968 739 3032 repetendum
756 2965 876 3027 iudicavi,
893 2981 969 3031 quam

92 3031 225 3098 ingeniofis
239 3032 304 3082 indul
324 3030 425 3088 endum,
441 3046 513 3095 quum
524 3029 731 3095 utiqueperspietre
746 3031 832 3101 Cicero
848 3028 890 3077 ista
906 3026 969 3080 refe-

93 3110 131 3147 rat
143 3098 173 3144 ad
183 3048 362 3160 pouremaffrzc
373 3092 482 3157 epist.2r.
498 3100 533 3147 Tu
542 3097 571 3140 ad
580 3113 613 3140 me
623 3108 693 3141 tamen
702 3093 771 3140 velim
782 3108 849 3155 quam
862 3093 970 3156 saprffim

88 3162 186 3224 scribas,
202 3177 266 3221 eoque
281 3163 368 3221 magis,
384 3155 440 3222 quid
452 3170 551 3219 praterea
566 3175 624 3203 nemo
634 3158 729 3219 scribier
745 3171 770 3201 ac
781 3156 802 3215 fi
817 3172 885 3202 omnes
897 3190 906 3216 ,
920 3171 971 3205 tm

96 3227 287 3279 aamenmaxime,
306 3223 451 3285 exsperlarem.
485 3225 595 3271 Gronov.

85 3322 89 3329 .
127 3302 164 3343 53·
183 3290 214 3333 Eo
223 3286 287 3345 seca]
302 3282 479 3341 Tornaelianus‚
496 3303 517 3331 eo
530 3283 576 3344 feci
584 3297 610 3330 ut
625 3298 668 3329 ro.-
685 3286 840 3339 Decurtatus,
854 3299 875 3331 eo
883 3280 930 3341 feci
943 3295 971 3331 m

120 3365 150 3405 o,
166 3349 237 3413 plane
251 3349 322 3398 reste.
339 3350 415 3401 Rosius.
450 3346 493 3397 Sed
517 3363 550 3409 ego
566 3346 603 3395 hic
620 3345 729 3398 abundat.
752 3365 773 3393 eo
792 3345 828 3395 bis
843 3347 971 3410 repetitum

96 3363 156 3468 Zp,
170 3411 231 3460 unde
242 3413 317 3535 w
338 3445 346 3469 ,
362 3411 428 3473 quod
442 3411 520 3463 delevi
537 3408 626 3459 securus
641 3410 806 3461 auiioritatem
822 3406 973 3458 Balliniensm

96 3474 126 3526 δε
136 3473 234 3529 Helmst.
338 3476 461 3542 (quanm
473 3476 500 3529 in
518 3473 566 3523 hoc
581 3489 624 3538 pro
639 3490 673 3539 rgo
687 3472 798 3527 scribatur
812 3471 846 3537 ei)
862 3487 907 3525 nec
918 3482 972 3525 non

319 3538 322 3543 ’
511 3544 626 3596 000003
696 3564 699 3569 ·
919 3530 973 3589 dl·

321 3662 331 3701 ⁸
971 3686 985 3711 n
