2296 3900
202 116 283 183 ²¹34
343 95 458 165 Error.
478 112 531 163 ao
551 82 727 183 Q'uturutt
752 94 930 167 Frrraur

112 234 115 239 ’
204 223 253 267 tue
267 208 406 269 deterrut.
444 208 527 281 velit,
546 208 634 281 nolit,
653 207 720 269 scire
734 209 904 273 dlfficilecst·
932 206 1019 267 Hirro
1032 206 1067 265 iti

205 298 274 420 met}
293 284 485 420 agenteblritoiie
503 284 611 423 'sii'lnld
626 287 759 421 prffiabit.
796 284 950 423 Auudathtdc
963 297 1021 370 tem

59 464 77 501 x
89 376 290 524 domestircluttde
296 379 385 497 nillilu
405 379 511 497 Sllralrll
523 375 858 501 dDotdltlliicllffiilfultld
871 375 1066 524 petiudldloludt

58 515 92 565 cu
102 517 178 567 tani.
208 514 261 573 furt
274 533 298 573 a.
312 512 339 573 d.
354 531 408 572 rrr.
422 514 473 574 kal.
487 514 626 575 Decemb.
645 514 784 575 Laudavrt
795 527 873 591 pater
885 514 986 588 icnpto
999 527 1064 599 meu

208 589 294 649 Nunc
309 589 344 649 de
358 589 476 650 Milone.
514 592 663 668 Pompeius
679 594 704 650 ei
718 591 785 651 nihil
797 591 910 650 tribuit:
930 589 961 646 ὃ(
980 603 1065 647 omma

59 683 75 732 y
91 669 160 724 illum
207 666 321 727 Guttae:
343 665 463 744 dicitque
478 667 505 726 se
518 669 704 744 perfecturum
721 711 729 737 ‚
749 680 779 725 ut
799 668 829 727 in
842 665 910 724 tilio
931 661 1064 722 Caurin-

61 735 138 785 tamt.
210 743 330 802 cumbat.
366 743 529 807 hochortet
544 746 632 805 Milo:
652 762 706 804 nec
720 742 841 819 injurii:
871 743 918 810 dt,
939 736 1016 797 fiilie
1031 735 1063 795 di·
1094 790 1098 801 .

209 816 395 879 mintucius
409 818 456 888 fit,
476 838 558 896 paene
571 820 678 879 diffidit.
711 815 920 879 Intercefforem
934 814 1061 900 dictatum

163 940 167 949 .
207 893 350 972 iijuvtrit
371 913 456 955 manu
489 898 520 955 dt
544 895 669 972 praeiidio
690 896 738 955 suo
755 937 764 964 ‚
783 895 954 970 Pompejum
978 900 1060 951 metu

206 971 362 1033 inimicum.
401 971 494 1032 finon
504 973 624 1048 juverit,
644 974 725 1030 timet
740 1014 748 1039 ,
769 988 805 1028 ne
820 971 943 1046 pervim
958 966 1061 1043 periera-

203 1058 258 1107 tur.
295 1047 392 1108 Ludos
405 1060 515 1123 apparat
537 1046 839 1124 magnificentiffimos:
859 1045 896 1106 fic
912 1088 922 1115 ,
941 1045 1059 1121 inquam,

204 1136 236 1185 ut
250 1142 337 1183 nemo
357 1122 576 1198 sumptuosiores.
614 1122 692 1182 stulti
714 1122 752 1182 bis
777 1136 874 1198 terque
900 1139 961 1181 non
1001 1118 1060 1204 oiu-
1094 1132 1100 1209 1

203 1199 286 1259 latus:
308 1200 353 1261 vei
365 1199 393 1255 ⁶³
403 1201 473 1277 quia
481 1218 581 1261 munus
596 1197 774 1277 magnificum
788 1197 966 1269 dederat,v
1008 1210 1062 1329 qus}
1096 1214 1102 1301 ᾗ

206 1412 320 1463 veterrimo
341 1416 431 1476 aliquot
449 1413 566 1473 denariis,
594 1413 620 1463 iu
635 1413 717 1526 auibus
737 1418 769 1478 Q
787 1415 960 1461 Murrum
977 1420 1062 1484 quoque
1099 1378 1103 1469 1

208 1491 258 1524 1³11
286 1473 1064 1540 scrrroursnomeninciumeu,quodeJuslegatmmt·
1099 1472 1103 1541 1

204 1538 350 1587 iricafucrit.
385 1541 507 1588 Manutius
518 1553 597 1589 autem
630 1541 704 1589 utavit
716 1537 845 1604 aliquando
860 1542 1015 1592 Liciniam,
1029 1548 1065 1598 pru
1100 1554 1103 1599 ;

205 1600 432 1660 Jiiiaaumebere
443 1601 576 1653 emendari:
588 1555 629 1653 sed
634 1602 783 1661 ,admonitus
793 1601 807 1651 i
818 1615 858 1653 tue
867 1596 1066 1653 devecustisdcr*
1101 1606 1103 1617 '

204 1665 259 1723 tiis,
273 1679 355 1714 eorum
366 1665 499 1713 auetoritati
508 1666 687 1730 repugnandum
697 1681 748 1715 uota
758 1665 855 1715 censuit.
870 1665 947 1725 vrfin.
981 1661 1065 1721 &effu

204 1724 347 1786 Jum'mm]
361 1733 418 1787 Qua
428 1726 456 1777 fit
468 1727 505 1777 hic
515 1742 569 1777 mea
580 1731 715 1789 comestura
725 1727 816 1777 dicam:
832 1741 859 1776 ea
869 1727 965 1793 probari
974 1723 1065 1783 dura.

205 1796 304 1848 necne,
319 1784 432 1850 judiciuin
448 1791 549 1839 aliorum
564 1790 620 1840 elio.
651 1791 751 1853 libenter
767 1792 891 1855 legerem,
909 1788 1066 1860 staffmhica'·
1100 1828 1103 1851 ,

184 1872 187 1877 ·
205 1854 315 1898 nitrum:
331 1867 369 1908 ut,
386 1850 508 1902 cumeilet
525 1854 628 1902 Licinius
642 1850 754 1909 crail'us,
775 1853 800 1901 in
814 1854 887 1902 aliam
904 1850 986 1916 polica
1005 1849 1066 1898 faut·
1101 1902 1103 1909 ,

206 1914 284 1971 iiam,
303 1914 439 1979 adoptionis
455 1915 521 1974 iure,
542 1917 667 1966 transierit.
699 1928 723 1964 at
739 1929 812 1980 quam
826 1915 968 1965 familiam?
990 1914 1065 1975 opinor
1101 1928 1103 1939 ·

207 1972 323 2028 coeiiam.
339 1978 505 2043 placerem,
522 1978 584 2028 hunc
594 1976 640 2027 elie
651 1979 760 2029 caelium
775 1979 856 2036 iilum,
873 1978 951 2040 quiin
967 1979 1004 2023 ii
1015 1977 1066 2023 co·
1101 1996 1103 2009 =

53 2078 55 2083 ,
121 2092 124 2097 ,
206 2040 233 2088 iii
248 2040 347 2105 epistola
366 2040 396 2090 ad
416 2042 558 2090 Ciceronem
591 2043 667 2090 talias
689 2045 811 2089 Vicinianus
832 2042 896 2091 male
917 2040 1065 2095 nominatur.

207 2117 262 2151 tutu
274 2107 399 2151 Licinianus
415 2103 520 2153 videatur
530 2101 575 2153 ess'e
585 2105 754 2168 seponendum.
789 2107 814 2153 δι
824 2119 870 2153 cou
889 2103 932 2152 ruit
945 2101 986 2150 iric
995 2100 1024 2151 de
1036 2096 1066 2148 di·

207 2165 298 2215 datura
309 2168 374 2213 locus
386 2181 440 2213 cum
452 2167 504 2216 iilo.
536 2180 592 2214 nam
603 2167 641 2216 hic
652 2167 747 2215 verbum
757 2166 860 2214 docrruit
871 2119 995 2227 liguificat
1006 2175 1064 2220 etim,
1098 2200 1103 2213 .

108 2240 112 2247 ·
207 2227 274 2288 quod
285 2229 413 2276 instituerat
424 2228 596 2285 dediliatura,
613 2227 729 2278 omiiiil'e:
745 2227 877 2292 inepistola
894 2240 953 2275 vero
968 2229 1004 2274 Μ.
1015 2229 1064 2274 cte·

207 2289 249 2343 lii,
264 2291 440 2351 promulgatam
451 2289 480 2338 ab
490 2305 520 2339 eo
529 2289 560 2339 de
570 2291 686 2340 distatore
698 2293 796 2356 legem,
811 2287 923 2352 scriptum
938 2287 980 2338 est.
1011 2293 1065 2336 Eut·

208 2349 311 2412 demque
322 2350 460 2401 crediderim
470 2351 517 2401 eise
527 2354 635 2403 coelium
644 2354 725 2410 illum,
742 2354 817 2415 quiin
827 2357 868 2401 lv.
880 2350 911 2401 de
925 2350 994 2399 Bello
1004 2347 1065 2398 civiti

209 2414 339 2461 Va'ndicanus
353 2427 466 2471 vocatur,
481 2412 610 2472 mendose,
623 2431 666 2479 pro
676 2420 811 2465 Licinianus.
835 2420 947 2463 i’raetetea
958 2412 1065 2463 tribunum

208 2475 242 2538 pl.
253 2473 316 2531 hunc
325 2475 411 2526 eodem
422 2490 486 2525 anuo
498 2491 551 2526 cum
564 2480 593 2527 C.
606 2481 676 2527 Hirro
686 2474 753 2527 fuiss'e
763 2474 817 2527 ideo
829 2475 942 2526 credibile
956 2473 1005 2533 est,
1019 2472 1065 2537 quit

208 2537 297 2586 eodem
308 2539 381 2588 etiam
392 2552 458 2587 auno
469 2537 604 2589 aedilitatem
615 2539 684 2588 fimui
695 2539 791 2590 biennio
803 2538 854 2604 post
864 2537 994 2649 Kuiemut.
1010 2532 1065 2610 quoi

208 2614 240 2649 etr
254 2613 299 2657 ea,
315 2615 388 2664 quarn
404 2601 545 2660 nominavi,
567 2607 603 2651 M.
617 2603 692 2652 Coelii
703 2600 801 2668 epistola
816 2616 863 2650 con
898 2612 918 2649 t.
951 2604 984 2650 Ut
1003 2612 1065 2647 omu-

208 2674 274 2719 tam‚
290 2662 355 2727 quod
368 2663 445 2712 hunci
464 2661 528 2722 sum,
543 2665 584 2728 qui
595 2663 625 2713 de
636 2664 751 2715 distatore
761 2665 876 2729 Pompeio
885 2663 949 2728 egit,
965 2664 1066 2710 tuitii·

209 2725 281 2775 video
292 2724 353 2790 apud
363 2679 511 2777 Plutarelrutu
522 2727 648 2777 nominari.
669 2740 694 2774 ur
710 2729 822 2776 Liciniani
837 2739 929 2775 nomeu
945 2724 970 2773 iu
982 2727 1066 2773 vicinia·

209 2803 274 2844 nam,
291 2791 418 2844 Lucilium,
438 2788 470 2839 ob
481 2786 658 2839 fimiiitudineut
668 2788 738 2838 facile
753 2787 860 2839 videatur
871 2783 960 2839 abiiii'e.
992 2791 1067 2861 Neque

209 2864 267 2899 vero
277 2850 407 2914 quidquam
418 2848 507 2907 obstat,
524 2865 576 2907 cur,
592 2850 632 2899 etfi
646 2855 721 2899 tulius
731 2867 762 2901 ex
774 2855 857 2901 Licinio
867 2850 896 2900 fit
906 2850 999 2907 fadus,
1015 2863 1067 2913 puo-

208 2913 240 2970 tis
252 2925 332 2962 tamen
344 2913 441 2963 familia
451 2913 586 2962 nominibus
598 2915 676 2976 &affin
688 2918 813 2963 Licinianus
822 2914 936 2978 appellari
942 2927 992 2962 uon
997 2910 1067 2986 poffit.

209 2973 269 3022 uani
278 2976 392 3039 scipionis
406 2989 544 3040 cognomen
560 2977 655 3026 retinuit
672 2977 710 3033 is,
735 2978 777 3040 qui
793 2977 878 3050 Magni
896 2976 1004 3041 Pompeii
1015 2973 1068 3027 lut«

209 3035 269 3092 luit,
286 3040 327 3100 qui
337 3052 418 3089 tamen
429 3038 549 3095 cecilius,
565 3037 695 3103 adoptante
706 3038 808 3091 Metello
820 3038 961 3096 medalius
971 3053 1034 3089 erac:
1048 3038 1068 3085 it

210 3101 340 3159 Lucullus,
365 3101 437 3151 frater
452 3106 480 3152 L.
494 3101 604 3158 Luculli,
623 3116 677 3152 cum
693 3101 815 3152 Terentius
831 3105 905 3153 varro
915 3116 957 3169 pet
967 3100 1069 3167 adoptiu-

213 3175 271 3213 uem
280 3163 356 3213 fastus
364 3161 438 3238 resset,
453 3164 519 3238 quod
530 3161 596 3226 supra
606 3164 773 3228 probavimus,
788 3164 898 3237 Lucullus
914 3177 999 3215 tamen
1010 3198 1019 3222 ,
1032 3175 1069 3213 uo·

214 3225 1070 3353 ”rituti-2iiiiiiiitiiiii‘liuidum

216 3345 286 3396 uuiti
298 3349 333 3397 bis
344 3364 426 3415 terque
436 3352 505 3402 iudos
517 3365 651 3416 appararet,
670 3352 794 3416 prciertim
804 3367 855 3400 nou
882 3351 1004 3403 oiiuiatut.
1029 3351 1072 3416 ¹ttri-

215 3408 285 3469 mum
303 3412 364 3475 ilia,
380 3417 436 3481 quia
449 3413 503 3469 satit
520 3427 590 3475 erat,
626 3430 713 3469 munuc
727 3416 835 3468 maxime
847 3367 891 3468 ula
903 3414 1073 3524 magnificem?
