2296 3900
191 107 409 175 -btnelt
449 111 746 178 Tsn'rtus
851 116 938 195 '²¹23

51 217 255 289 ambulationis
276 215 334 277 ferd
356 230 467 294 tempus
489 219 617 278 consero.
656 216 770 293 negotia
790 213 881 274 nostra
899 211 937 275 fic

54 292 83 353 se
97 300 214 355 babent
253 296 414 363 Domestica
430 294 517 365 verb,
535 308 567 361 ut
580 295 718 354 volumus.
758 290 861 349 Valent
869 305 938 365 pue-

50 370 104 441 ti,
123 369 247 430 studiosi
266 370 396 440 discunt,
416 370 560 448 diligenter
580 374 741 438 docentur,
761 369 791 426 &
811 384 888 435 nos,
907 366 938 425 δε

59 446 132 509 inter
147 448 176 507 se
190 461 295 507 amant.
333 447 526 521 Eupolitiones
538 450 679 524 utriusque
692 444 817 509 nostrdm
832 443 894 502 sunt
909 440 939 499 in

59 524 206 587 manibus:
226 525 272 583 sed
286 538 333 583 tua
347 524 381 582 ad
399 524 554 599 persectnm
568 536 597 579 43
602 526 661 600 jam
678 540 720 581 res
742 522 837 580 rustica
852 522 940 578 Arct-

54 602 86 659 Μ
115 604 149 659 &
170 602 282 675 Laterii.
322 602 455 659 Praeterea
483 600 519 660 de
546 619 618 677 aqua
644 601 693 658 ⁸&
713 599 758 657 ria
779 596 846 657 nihil
866 598 955 672 prae-⁵
970 583 1002 637 de
1013 589 1067 640 mu.

55 676 169 753 *simili
183 679 305 754 quadam
320 678 448 752 epistola,
468 679 536 754 quin
558 674 701 736 enucleate
723 674 758 733 ad
777 685 807 733 te
828 650 970 748 persen-⁴5
983 651 1037 745 Mt,

52 752 171 819 berem.
193 754 241 825 sed
258 772 305 812 me
326 755 370 812 illa
392 771 456 812 cura
476 755 602 814 sollicitat
623 753 771 828 tangitque
784 751 937 807 vehemen-

51 842 124 901 ter,
144 830 227 921 quod
240 832 347 889 dietum
358 830 418 905 jam
434 832 551 907 amplius
564 831 600 888 L.
608 829 751 890 intervallo
766 825 871 887 nihil'i
891 838 919 884 te
929 809 992 894 ,que

54 907 138 967 nibil
151 926 169 983 a
184 906 309 975 Caesare,
329 908 396 965 nihil
411 926 445 965 ex
459 908 513 973 illis
532 908 624 976 locis,
651 923 710 965 non
730 901 820 963 modd
841 902 945 961 littera-

54 999 150 1054 rum,
168 983 216 1043 sed
230 1002 267 1042 ne
281 985 400 1047 rumoris
413 985 527 1060 quidem
544 984 659 1042 affluxit.
696 982 748 1039 Me
770 992 863 1038 autem
881 981 942 1056 jam
1010 1016 1013 1020 -

61 1060 99 1129 δι
116 1078 194 1119 mare
208 1060 294 1128 istuc,
314 1062 344 1118 sit
357 1072 428 1118 terra
451 1060 596 1119 sollicitat:
624 1076 716 1135 neque
738 1055 833 1117 desino
854 1055 897 1131 (ut
910 1055 942 1114 sit
986 1049 1010 1095 Ρ·
1032 1049 1060 1095 Β·

56 1135 96 1211 in
118 1138 236 1211 amore)
256 1154 287 1195 ea
304 1178 313 1205 ,
333 1154 397 1211 quae
419 1135 536 1195 minime
558 1137 652 1204 volo,
678 1134 809 1210 cogitare.
848 1136 944 1206 Quare

62 1228 130 1273 non
146 1215 276 1289 equidem
290 1214 348 1288 jam
371 1228 399 1271 te
413 1230 508 1289 rogo,
535 1224 566 1271 ut
581 1212 676 1270 adme
691 1211 726 1269 de
743 1223 788 1278 te,
808 1208 843 1267 de
865 1209 943 1267 rebus
980 1274 987 1288 .
1082 1278 1086 1285 Ι

57 1298 83 1336 -1
91 1289 146 1349 istis
159 1290 253 1349 scribas
274 1290 441 1365 <numquam
456 1291 532 1348 enim
548 1330 557 1357 ,
577 1288 641 1347 cum
656 1300 758 1363 potes,
778 1286 965 1361 praetermis-v
979 1274 1035 1335 ¹rfi⁵

67 1364 114 1439 tis)
134 1366 182 1425 sed
195 1367 250 1425 boc
263 1365 372 1427 test-ire
394 1365 487 1435 volo,
514 1366 581 1425 nibil
603 1362 660 1423 ferd
681 1378 815 1439 umquam
837 1379 885 1419 me
906 1342 1003 1451 stcffi·
1015 1342 1043 1391 θ’

72 1440 252 1519 exspedinsse,
262 1455 308 1510 ut,
329 1442 392 1501 cbm
408 1443 470 1500 haec
484 1442 649 1511 scribebam,
663 1439 763 1498 litteras
775 1451 843 1496 tuas.
859 1438 944 1496 Nunc
974 1423 1002 1452 '⁹

70 1519 213 1596 cognosce
227 1538 275 1589 ea,
294 1537 359 1595 quae
374 1519 475 1577 suntin
489 1518 634 1594 republica.
670 1515 858 1575 Comitiorum
873 1531 946 1590 quo·

70 1595 139 1654 tidie
154 1595 251 1675 singuli
264 1596 321 1654 dies
335 1595 468 1657 tolluntur
482 1595 735 1653 obnuntiationibus
750 1635 758 1659 ,
779 1609 878 1666 magna
893 1608 947 1649 vo·

70 1668 179 1745 luntate
192 1673 332 1731 bonorum
347 1672 497 1741 omnium:
518 1669 594 1730 tanti
618 1667 721 1729 invidis
741 1670 802 1726 sunt
822 1666 947 1726 consules

67 1761 188 1824 propter
200 1748 379 1824 suspicionem
394 1748 540 1824 pastorum
554 1746 571 1806 ὲ
591 1745 738 1805 candidatis
752 1746 944 1819 ptaemiorum.

70 1821 225 1884 Candidati
239 1825 391 1884 consulares
406 1836 555 1900 quattuor,
575 1840 675 1881 omnes
695 1824 758 1889 rei,
779 1820 866 1878 causae
887 1820 949 1879 sunt

64 1898 196 1978 difficiles
212 1922 222 1977 ².
239 1901 285 1961 sed
306 1904 463 1975 enitemur,
489 1913 521 1960 ut
541 1896 655 1958 Messala
679 1897 770 1957 noller
790 1897 875 1956 salvus
901 1896 950 2033 stond-

871 1990 931 2050 quv

59 2135 238 2189 conventuum
249 2124 317 2182 enus}
334 2124 412 2176 cesar
427 2125 501 2191 Alpes
514 2123 650 2179 transisset,
666 2122 696 2172 de
706 2121 750 2171 suis
766 2121 880 2171 militibus
899 2125 953 2171 Ro·

63 2202 147 2237 mam
157 2188 274 2247 mitteret,
289 2191 331 2253 qui
343 2191 490 2239 Memmium
501 2190 525 2239 in
538 2190 655 2253 petitione
665 2184 952 2245 consulatdsadjuvarent.

63 2252 159 2310 itaque
170 2248 200 2295 ad
212 2256 262 2300 Atr.
274 2266 355 2315 ep.17.
371 2253 413 2302 lib.
423 2268 457 2303 iv.
472 2256 609 2309 Memmius,
630 2251 727 2314 inquit,
749 2251 834 2311 essetis
849 2265 953 2307 commert-
990 2302 994 2309 ,
1026 2265 1041 2275 ·’

60 2306 139 2363 cietur
149 2314 277 2371 militibus,
292 2318 317 2363 bc
328 2315 368 2377 bic
384 2316 408 2363 in
420 2314 485 2380 epist.
497 2317 589 2366 ultima.
622 2319 648 2364 P.
657 2318 744 2363 Manus.

104 2392 146 2434 43.
165 2374 217 2432 Jam
229 2391 261 2422 res
272 2377 368 2436 rustica}
382 2382 434 2427 Sive
444 2376 487 2436 stc,
504 2392 529 2427 ut
540 2378 608 2428 estin
621 2377 705 2442 scripto
723 2373 862 2425 bessarionis
877 2374 952 2434 libro,
1055 2410 1058 2415 -
1071 2408 1089 2423 -.

68 2441 157 2502 legas,
175 2436 237 2493 five,
253 2452 278 2488 ut
290 2441 314 2487 in
325 2440 574 2503 impressisomnibus,
591 2453 672 2504 preter
683 2441 745 2488 hunc
763 2438 888 2494 nostrum,
905 2454 951 2500 po·

72 2498 165 2562 sitemo
176 2501 281 2558 editum,
298 2503 350 2560 Jam
361 2520 392 2550 res
402 2504 430 2563 est
440 2506 639 2568 eusice,utroque
651 2503 728 2552 modo
738 2501 826 2550 l'ubesl'e
837 2501 953 2550 mendum

75 2566 232 2628 intelligetur.
256 2564 325 2617 milri
336 2563 583 2622 neffattooialtbtnm,
599 2569 663 2625 cuius
679 2565 756 2615 babeo
768 2567 816 2625 jam
831 2563 884 2613 satis
900 2581 954 2629 per-

77 2626 182 2692 spestnm
193 2626 327 2676 bonitatem
340 2663 347 2685 ,
364 2628 428 2691 sequi
439 2631 540 2693 placuit,
557 2630 587 2679 ad
598 2645 701 2694 eumque
711 2628 782 2682 volo,
799 2627 863 2690 quast
874 2632 953 2676 minus

77 2704 199 2741 remotum
210 2690 223 2738 *a
235 2693 347 2748 veritate,
364 2707 444 2741 meam
458 2695 629 2742 comestionem
641 2690 831 2743 accommodare.
865 2693 952 2753 opinor

78 2749 158 2817 e'uim,
171 2768 216 2803 nee
226 2751 323 2815 fortasse
334 2771 383 2803 non
395 2756 474 2811 reue,
490 2757 618 2822 legendum
629 2756 661 2807 ste
671 2773 678 2805 t
689 2762 752 2817 jem,
768 2772 800 2801 res
809 2751 913 2813 rasicae:
923 2767 949 2803 ut

79 2819 167 2879 pisticae
177 2817 267 2878 dissum
279 2816 400 2867 accusandi
412 2815 481 2876 casu,
496 2818 592 2881 verbum
606 2823 750 2883 perscriberem
768 2816 829 2866 infru
844 2816 949 2881 politum

79 2877 175 2943 spesiet.
202 2895 265 2951 luant
278 2882 302 2930 &
315 2881 377 2934 inea
389 2878 455 2945 ipsa,
471 2896 543 2939 quarn
554 2880 689 2947 significat,
704 2882 821 2946 epistola,
848 2895 902 2928 cnm
919 2878 950 2929 de

80 2948 175 3006 Arcam
186 2944 213 2991 δι
226 2946 321 2994 Laterio
332 2946 401 3006 plene
411 2942 543 3008 scripsisset,
558 2946 671 2994 concluse
683 2961 736 2993 eam
748 2958 838 3007 partem
850 2944 886 2991 bis
898 2958 951 2992 ver·

79 3002 127 3055 bit:
144 3008 206 3052 hebes
212 3005 259 3064 fere
271 3010 364 3055 derebus
375 3008 466 3058 rusicit.
486 3008 571 3058 deinde
583 3007 698 3065 subiunxit
715 3008 745 3056 de
761 3006 901 3055 urbanarum
917 3021 949 3054 :e-

79 3066 144 3131 dstm
156 3070 313 3131 expolitione.
332 3076 356 3119 P.
367 3076 453 3118 Manus.
485 3074 528 3118 Sed
543 3085 581 3118 rua
597 3074 625 3118 ad
639 3071 753 3132 perfessum
764 3074 813 3130 jem
830 3087 861 3116 rer
872 3071 951 3129 rustica

78 3137 170 3189 ‚Arcani
179 3135 206 3184 dr
217 3136 322 3190 Luserit]
338 3132 406 3182 Haud
417 3134 485 3183 aliter
495 3149 592 3198 quoque
602 3134 659 3184 l’all.
671 3148 778 3196 quatuor.
796 3138 818 3181 P.
828 3133 949 3181 Manutius

77 3192 251 3246 batiolabatur:
265 3198 388 3256 perfruam.
416 3202 467 3258 ,iem
477 3215 509 3246 res
519 3199 607 3258 resiliens
618 3199 661 3249 (tc.
678 3210 702 3244 ur
713 3194 860 3260 pendeamus
877 3195 950 3244 verbo

72 3260 231 3320 perscriberem.
265 3261 395 3309 Lambinus
416 3259 525 3310 audacius
542 3261 599 3309 fecit
615 3261 742 3323 intulitque
757 3262 947 3317 incomestum

68 3322 111 3381 sed
124 3334 164 3368 tua
175 3334 226 3384 perte
236 3324 266 3369 ad
275 3326 351 3371 sessum
367 3328 412 3379 jam
424 3326 526 3386 pcrdussa
542 3342 574 3372 res
589 3323 618 3381 ess
627 3324 711 3384 rustica.
728 3322 790 3370 unde
800 3333 878 3370 autem
889 3320 949 3370 istud

71 3383 228 3449 desumpserit
249 3386 321 3451 plane
339 3401 417 3444 tacett
433 3399 528 3437 rantum
537 3387 639 3446 indicat,
655 3386 758 3437 secutum
768 3384 791 3435 se
801 3385 899 3449 antiqua
909 3398 951 3435 ve·

70 3449 138 3521 πριζιεὓ
144 3445 259 3517 scripture
271 3449 374 3517 uestigia.
406 3453 495 3502 Gruter.
908 3448 910 3453 '
945 3462 949 3469 ·

80 3510 103 3528 ⁴*
131 3522 133 3527 ’
197 3523 201 3533 ’
831 3525 868 3569 m
885 3509 953 3571 Qe-
