2296 3900
176 140 299 210 ‚2174
357 98 556 201 Errsr'.
598 121 965 193 asaroton

62 248 181 317 yoeeldie
209 232 300 308 plures
312 232 441 294 reccidit
454 252 535 305 uno,
555 235 637 313 seque
658 233 729 311 prius
750 243 865 308 oportet
884 233 999 295 fateatur
1016 236 1074 299 fica·
1091 216 1094 227 ¹

59 316 112 366 atra
210 309 283 369 rium
309 311 395 386 quim
410 312 521 389 objiciat
535 312 628 370 Cascae
642 311 720 387 quod
733 310 830 382 objicit
848 329 856 366 ι
875 311 906 367 dt
919 311 1072 375 imitaturis

210 385 293 446 Casca
311 385 448 448 Bestiam..
472 386 520 447 An
535 391 598 465 quia
618 406 677 447 non
698 385 830 445 omnibus
848 385 924 444 horis
946 388 1070 462 jadamtr
1087 412 1098 473 Ἰ

209 461 270 521 idus
285 463 399 523 Martias
414 504 425 534 ‚
443 464 564 523 similiter
585 475 668 541 atque
688 463 733 529 ille
755 479 845 521 nonas
866 461 1007 523 Decemb.
1025 464 1070 527 sua

209 536 239 596 in
253 557 303 597 ote
314 541 415 609 habet,
435 541 472 598 ed
493 542 608 600 meliore
629 539 792 599 conditione
808 538 915 597 Cicero
933 541 1068 614 pulchen'r
1087 584 1092 601 .

210 631 290 674 mum
320 615 425 674 sadum
448 617 610 692 vituperabit
636 617 722 693 quam
743 614 882 673 Bestia&
904 615 1023 675 Clodius
1038 628 1090 676 rr·-

58 720 76 755 2
88 704 181 758 stmsffl
225 691 377 750 rehendere
390 693 459 751 illius
473 694 643 753 consulatum
659 692 729 752 soliti
741 689 822 751 sunt?
843 689 1065 753 Sustinuiffeenr
1090 718 1093 723 ·

59 771 135 822 rant.
229 766 379 843 'gloriatur
393 763 494 827 bellun'r
508 770 628 828 Antonii
641 781 750 845 togatus
765 768 868 825 Cicero
882 768 988 827 noster.
1013 769 1064 847 qul
1099 830 1101 843 ,

205 843 262 901 hoc
276 845 345 903 mihi
360 844 484 919 prodest,
504 847 644 906 simerces
658 844 776 909 Antonii
792 844 912 918 oppreffi
935 843 1064 920 poscitu,
1099 846 1101 859 '

205 920 234 978 in
249 920 367 979 Antonii
381 921 476 979 locum
498 922 650 981 successio:
677 923 707 979 ὃ(
730 919 750 978 st
771 919 877 979 vindex
897 919 971 980 illius
991 922 1063 991 mali,

205 996 302 1055 audior
315 996 413 1057 exstitit
426 999 548 1067 alterius,
569 999 781 1067 fundamentum
795 997 826 1054 δι
840 994 949 1057 radices
963 998 1063 1059 habimri

205 1072 331 1142 altiores,
351 1072 371 1131 si
391 1074 553 1148 patiamur?
578 1088 610 1134 ut
631 1076 685 1132 'arn
705 1073 752 1131 ista
768 1113 778 1141 ,
795 1069 824 1112 ⁶⁸
832 1088 900 1147 quae
913 1073 1000 1143 facit,
1017 1093 1062 1133 non

203 1147 443 1219 dominationem,
463 1169 542 1221 non,
560 1151 606 1210 sed
619 1093 766 1210 dominum
789 1148 954 1207 Antonium
976 1152 1061 1209 timet·

200 1225 235 1284 tis
249 1224 322 1284 sim.-
347 1226 409 1300 Ego
426 1240 519 1285 autem
531 1229 644 1303 gratiam
659 1240 718 1286 nott
731 1224 839 1292 haben,
860 1223 882 1283 st
900 1226 988 1300 quis,
1006 1227 1061 1286 dun
1096 1280 1101 1289 .

199 1319 236 1361 ue
250 1303 320 1361 irato
334 1301 447 1371 serviat,
467 1304 631 1379 temipsam
653 1321 711 1362 non
734 1301 921 1376 deprecatur:
944 1300 1060 1363 ⁶9immo

199 1378 353 1453 triumphus
379 1381 409 1437 ὃ(
435 1379 598 1453 stipendium
628 1379 782 1439 decernitur
816 1379 846 1435 δε
867 1378 1000 1439 omnibus
1022 1379 1062 1438 de·

200 1458 279 1513 cretis
294 1469 414 1515 ornatur.
453 1456 594 1515 ⁷0Pudeat
608 1454 801 1530 concupiscere
815 1454 982 1526 fortunam,
995 1457 1061 1530 cuju

1016 1550 1062 1591 no·
1099 1560 1101 1573 =

231 1704 268 1748 68.
285 1701 340 1763 Qu
351 1696 428 1758 sacs't,
448 1716 487 1745 non
498 1700 680 1754 dominationem,
696 1717 736 1745 ncn
746 1716 755 1754 3
766 1701 805 1759 sed
820 1701 935 1745 dominum
946 1703 1070 1747 Antoniusn-

197 1762 294 1808 timerrtis
306 1763 375 1820 fian]
390 1759 468 1809 llodie
478 1762 573 1824 quidem
586 1760 727 1826 selegimus
740 1796 747 1818 ,
763 1760 801 1810 sed
812 1776 897 1810 contra
908 1775 966 1810 verr.
976 1761 1060 1814 otu&

199 1819 251 1872 mss.
265 1824 323 1872 Pall.
335 1825 359 1872 in
371 1823 453 1887 quibus
465 1825 530 1872 nulla
540 1825 607 1873 licent
621 1828 733 1873 variante.
749 1824 872 1888 scafam,
888 1826 1062 1883 dominacionem,

198 1903 227 1931 art
242 1888 372 1944 dominum,
392 1905 420 1933 art
432 1891 555 1934 ,Antonium
571 1891 667 1934 timentis
682 1889 722 1943 fiat
757 1901 833 1948 neque
849 1885 913 1935 secus
930 1887 1060 1950 publicatis

198 1948 313 2000 Vidorio
327 1953 415 1998 Gruter.
448 1954 539 2022 Magna
549 1949 581 1999 est
592 1953 690 2000 varietas
701 1950 833 1999 editionum
844 1949 961 1999 hocloco
973 1983 981 2007 ,
996 1965 1061 2014 quero

199 2010 396 2074 quedamtotum
409 2011 581 2062 ficetthlbentt
604 2017 634 2061 Et
647 2015 727 2060 radices
744 2014 949 2064 habt‘ture'aler'orer.
984 2016 1060 2076 Sirpe·

126 2104 128 2108 -
196 2076 293 2133 rr‘amur,
306 2089 332 2122 ut
337 2079 389 2136 jam
399 2075 441 2134 ista
452 2091 496 2138 que
502 2075 572 2134 sacs't,
590 2076 753 2123 dominationem
768 2109 775 2131 ‚
787 2092 815 2120 an
827 2075 940 2123 dominam
951 2109 959 2132 ,
974 2093 1004 2124 etr
1013 2083 1061 2124 ose·

195 2140 279 2183 eonium
293 2142 388 2186 timoratis
396 2138 458 2198 sont?
475 2137 583 2203 quedam
594 2151 717 2203 preterea,
726 2152 770 2202 pro
781 2139 909 2195 dominum,
931 2139 1015 2204 legunt
1029 2142 1061 2187 u-

194 2215 297 2250 memnon.

228 2268 265 2315 ⁶9.
283 2270 329 2311 Ime
348 2264 469 2326 triumphus
482 2266 508 2316 dr
523 2262 654 2325 stipendium
668 2265 806 2319 decernitur,
824 2264 851 2317 θ’
866 2264 968 2311 omnibus
983 2267 1064 2312 ducrum

96 2334 98 2343 ·
181 2328 304 2384 'ornounl
333 2325 403 2374 Haud
418 2326 485 2374 aliter
499 2327 596 2390 quidem
607 2327 678 2374 lestio
689 2327 790 2389 vulgata.
809 2325 924 2374 sedenim
934 2325 1058 2385 elnermf.

194 2386 244 2436 Pal.
258 2402 291 2450 pr.
303 2385 373 2437 habet
381 2421 390 2444 ,
399 2387 528 2445 stirendirrrn
540 2392 565 2440 sa
576 2392 670 2436 omnibus
680 2391 767 2435 decretis
779 2392 923 2445 hortationis,
939 2386 1028 2439 omisso
1036 2392 1061 2439 'll-

196 2448 223 2496 lo
234 2451 351 2498 decernitur
362 2484 369 2504 ,
386 2451 452 2513 quod
463 2452 487 2500 s<
500 2453 594 2514 reliquis
604 2451 654 2502 sere
665 2451 734 2501 abest.
766 2454 852 2514 quippe
862 2447 907 2500 sec.
929 2448 978 2499 Irni
990 2458 1061 2501 triurn-

192 2516 259 2572 rhum
279 2517 307 2564 dr
317 2514 447 2575 stipendium
462 2516 487 2566 du·
510 2520 605 2562 orandus
620 2517 708 2562 decretis
727 2517 878 2561 hortationibus
896 2516 980 2576 pudeat
997 2532 1061 2563 cente·

192 2577 324 2634 pistoremc.
341 2578 406 2638 quod
418 2579 443 2625 δι
456 2575 468 2624 l
479 2577 554 2639 prima
565 2591 638 2626 manu
649 2578 769 2632 insertio,
784 2575 1060 2639 quiemendaeumhaber

196 2635 282 2685 eodem
293 2650 427 2688 atramento
441 2673 448 2694 ,
463 2642 551 2686 demnis
565 2655 660 2688 ornatur.
683 2634 730 2686 etim
739 2642 823 2701 pudeat.
849 2653 873 2688 at
889 2653 990 2701 quartus
1001 2642 1061 2691 exhi·

195 2697 242 2748 bet.
259 2702 303 2747 Imi
313 2705 432 2763 triumphus
445 2701 607 2763 &stipendium
613 2705 744 2760 decernitur,
759 2706 785 2754 do·
796 2721 834 2751 om.
848 2705 939 2749 decretis
957 2707 1062 2761 demetur,

193 2779 241 2808 cum
249 2765 334 2825 pudeat.
352 2779 436 2813 omnes
446 2764 566 2815 mendosd.
600 2771 686 2814 Gruter.

225 2840 262 2875 70.
281 2827 363 2874 Pudeat
372 2843 405 2873 me
416 2829 551 2889 cancuprsere
561 2829 683 2881 sortuanm,
699 2830 759 2877 cuius
769 2843 840 2871 nomen
847 2824 966 2888 susceperit
975 2836 1061 2877 anem

189 2888 285 2944 fiolarii,
302 2894 438 2947 anticanis]
454 2895 547 2937 secutus
558 2889 608 2938 sum
619 2892 738 2952 utriusque
753 2888 866 2952 scripture
883 2890 908 2936 δι
924 2888 1060 2954 vulgatae&

196 2952 279 2999 veteris
290 2951 399 3016 vestigia:
416 2954 476 3005 nilus
487 2954 516 3000 de
527 2969 582 3001 meo
594 2953 688 3007 addidi,
707 2951 748 2999 niti
759 2952 824 3013 quod
833 2953 912 3011 pudeat
925 2983 933 3007 ,
951 2954 1020 3014 quod
1031 2954 1061 3005 est

194 3011 219 3058 in
230 3014 268 3060 vul
286 3015 342 3069 atis,
357 3016 441 3064 retinui
454 3030 530 3071 ,cunt
541 3018 576 3065 illi
587 3017 708 3070 habeant,
724 3018 793 3074 pudes.
828 3020 855 3061 ln
870 3029 901 3062 eo
919 3021 1029 3069 oraterel
1047 3017 1060 3068 ὶ

143 3076 147 3082 ’
193 3028 306 3125 manuscr.
319 3075 420 3134 discessi,
437 3077 516 3140 quod,
531 3096 559 3122 an
571 3085 637 3125 cicero
648 3077 766 3126 edendum
778 3079 869 3130 curari,
885 3091 950 3139 pto,
967 3098 997 3126 an
1008 3085 1059 3128 cice-

192 3143 250 3184 roais
259 3139 305 3190 ed?
321 3143 379 3189 Non
390 3138 494 3204 displicer
506 3141 566 3189 mihi
577 3155 658 3190 tamen
670 3142 739 3188 amici
748 3143 870 3200 cuiusdam
881 3141 929 3187 mei
942 3144 1059 3203 consedu-

195 3210 220 3245 ril
234 3197 285 3255 ‚fic
300 3206 452 3264 reponenda:
471 3207 534 3262 (uiue
547 3222 618 3251 nonita
628 3208 671 3265 sall
675 3210 739 3250 eterit
751 3207 776 3254 dr
794 3204 914 3262 Consularis
928 3207 954 3256 ὑ
971 3213 1059 3253 (iteres

195 3261 329 3325 Aliquanto
344 3265 414 3329 post,
435 3265 585 3315 Leouardum
607 3266 758 3330 malaspinam
774 3265 880 3322 secutus,
897 3264 930 3314 fic
945 3269 1061 3321 edendum

196 3327 287 3374 curavi:
303 3329 347 3388 Ego
358 3328 423 3384 certd,
439 3336 493 3390 quin
503 3347 550 3375 curn
561 3333 605 3392 ipsa
616 3333 725 3377 rebellum
732 3345 819 3390 geram,
836 3333 880 3380 syc.
898 3345 943 3388 qua
952 3332 1063 3386 deterrear,

195 3387 241 3438 (sc.
257 3387 394 3439 Lambinus.
427 3394 508 3438 Pudeat
519 3395 654 3454 concupiscere
659 3393 786 3452 fortunam,
802 3395 861 3439 cuius
872 3408 945 3436 nornen
954 3393 1064 3455 susceperis

196 3451 327 3514 Consularis,
339 3466 364 3503 ue
374 3456 497 3513 sicennam]
512 3456 570 3504 Non
583 3454 630 3506 abii
641 3460 654 3508 ‘a
666 3455 801 3507 sidoniana
810 3454 930 3511 editione,
942 3453 1051 3567 sirmate:1
1049 3455 1061 3502 i
