2296 3900
139 120 339 193 rsersr.
382 129 455 181 an
501 76 807 187 Arescusa.
848 115 930 205 1865

49 234 126 314 ‚ipse
141 233 245 293 viveret
260 228 272 289 ἓ
293 241 324 287 40
335 227 486 289 meministi
501 244 549 286 mc
567 228 706 300 clamare,
724 231 773 293 illo
787 230 844 309 ipso
865 232 924 309 pri·

49 332 88 373 no
102 324 130 368 4ι
141 308 301 387 Capitolino
318 307 362 366 die
383 348 392 376 ‚
412 305 538 366 senatum
552 304 584 365 in
598 304 770 381 Capitolium
785 306 801 367 i
816 322 921 385 praeto·

48 392 108 449 ibus
122 384 237 449 vocari?
258 386 296 445 dii
309 383 480 443 immortales
490 387 508 440 l.
518 400 585 459 quae
599 395 662 442 tum
677 402 763 461 opera
778 384 851 445 effici
864 404 922 462 po-

49 477 150 527 uerunt
156 506 166 535 ,
191 463 349 523 laetantibus
369 462 498 521 omnibus
518 460 624 528 bonis,
645 462 729 521 etiarn
751 460 789 520 sat
812 462 916 535 bonis,

49 542 125 605 'rachis
137 536 310 601 latronibus?
330 548 359 603 4ι
370 537 505 597 Liberalia
518 548 550 595 tu
564 537 681 597 accusas.
700 538 769 616 quid
781 536 840 597 sieri
854 551 918 600 tum

49 616 155 681 iotuit?
178 620 239 695 jam
259 615 367 692 pridem
388 614 563 691 perieramus.
604 616 791 675 meministine
812 629 842 674 tc
863 616 920 677 cla·

49 714 133 768 nare,
153 694 262 759 causam
278 687 401 768 periisse,
420 691 479 749 43sr
493 694 590 751 sunere
604 690 690 751 elatus
706 689 799 751 esset?
820 704 848 751 at
873 693 920 753 ille

49 775 123 833 eriam
138 774 168 831 in
182 774 246 831 soro
263 768 418 828 combustus
430 767 611 845 laudatusque
631 769 817 829 miserabiliter
835 789 843 827 t
863 769 919 828 ser-

49 852 124 929 u'que
145 850 176 908 ὃ(
199 860 310 925 egentes
332 847 361 907 in
374 842 448 907 tesia
461 844 551 907 nostra
564 863 632 905 curn
645 847 773 907 rsacibus
793 846 916 906 immiffi.
925 852 1036 969 a&

211 974 214 979 -
856 942 923 1003 quae

72 1157 117 1202 40.
134 1140 257 1201 Meministi
266 1145 414 1203 reclamare]
425 1141 530 1193 Fa'e'rnus
541 1142 567 1191 &
579 1145 636 1191 Ant.
649 1140 791 1205 Augustinus
800 1142 924 1204 Meministi

49 1220 76 1252 ne
91 1206 192 1257 clamare.
225 1206 269 1257 Sed
284 1219 401 1272 repugnat
418 1208 486 1257 locus
501 1204 584 1255 similis
595 1208 619 1255 in
630 1205 729 1269 epistola
740 1220 779 1255 xv.
797 1212 870 1254 Nonae
880 1224 926 1254 me-

49 1267 131 1380 ziegsti
149 1272 240 1319 41444444
259 1284 305 1329 re,
336 1274 410 1319 omnia
439 1270 548 1343 perieffi,
575 1270 655 1329 fiisse
676 1268 755 1328 funere
778 1270 848 1318 elatus
867 1272 925 1332 effer.
981 1286 988 1299 “·

67 1346 79 1379 r
101 1348 125 1380 n.

76 1411 116 1454 41.
136 1396 251 1459 Capitolino
262 1397 317 1455 die]
330 1400 386 1459 Quo
398 1392 475 1444 statim
487 1407 501 1442 a
514 1394 610 1443 Caesaris
624 1408 680 1443 nece
695 1396 720 1444 in
737 1393 887 1458 Capitolium
900 1392 925 1445 se

49 1468 201 1521 receperunt,
217 1470 274 1506 tunc
285 1463 350 1508 enim
360 1464 442 1507 Brutus
454 1462 479 1509 bt
490 1456 582 1507 carnus
598 1471 705 1521 pretores
716 1456 823 1507 senarum
838 1472 925 1507 vocare

49 1520 187 1571 lebueranr:
205 1535 254 1583 quo
266 1524 377 1587 neglesto
388 1536 502 1585 magnam
512 1520 662 1570 occasionem
676 1521 802 1570 liberanda
813 1521 924 1586 reipubli-

49 1599 77 1632 :ae
89 1583 225 1633 amiserunt.
240 1598 276 1647 ep.
286 1602 313 1635 rz
325 1588 351 1636 δι
364 1602 399 1648 14.
415 1588 482 1633 Issam
488 1584 595 1648 scffionem
607 1587 748 1650 Capitolinam
756 1588 814 1634 mihi
823 1602 864 1632 44444
870 1588 923 1650 pla-

49 1651 84 1697 :ui
102 1667 121 1696 4.
159 1653 191 1694 Po
209 1660 257 1693 ma.

79 1648 122 1770 fa.
141 1661 272 1767 bibiane]
287 1724 326 1757 xv.
338 1709 391 1759 Cel.
404 1714 461 1773 Apr.
474 1724 532 1760 narn
547 1714 615 1759 terrra
622 1711 668 1775 post
682 1713 735 1759 Idus
750 1713 789 1759 lux
799 1712 828 1772 est
842 1712 894 1762 celeb
917 1710 939 1748 ·'

49 1775 207 1819 rimaflecche.
226 1770 399 1821 oriolium.
416 1772 541 1823 Pushhinc
552 1776 639 1825 Cicero
653 1774 791 1839 Philippu.
807 1772 928 1841 sicloqui-

49 1850 100 1884 rur:
117 1842 190 1899 Neque
200 1847 220 1881 te
231 1836 270 1881 illo
281 1836 330 1891 die,
345 1850 410 1898 neque
422 1836 499 1899 postero
514 1838 573 1886 vidi.
601 1837 647 1900 post
662 1840 720 1885 diem
735 1841 824 1885 tertium
834 1844 888 1887 veni
900 1842 926 1886 ire

49 1901 112 1948 edem
128 1899 239 1947 Telluris:
256 1898 294 1946 rebr'
302 1902 349 1959 jeci
358 1899 504 1956 fundamenta
519 1902 595 1961 paris,
612 1901 819 1963 ,Athenienfiumque
833 1920 927 1951 renova·

49 1967 149 2013 vienus
159 1962 284 2029 exemplum,
306 1961 390 2025 Philip.
408 1977 428 2013 ι.
449 1975 480 2011 eo
491 1961 535 2025 ,die
549 1960 693 2012 defendendi
709 1964 803 2011 fuerunt
819 1967 926 2015 veterani

49 2024 927 2140 settaltrith1ttl‘zslaas‘lttsresistebatur

49 2152 79 2202 de
90 2153 192 2217 praemiis
206 2166 387 2210 veteranorum,
402 2153 527 2218 multaque
537 2153 585 2202 alia
600 2151 712 2203 decreta:
735 2150 775 2219 sed
790 2164 835 2216 pro
851 2152 926 2205 salure

49 2218 109 2281 reip.
120 2216 181 2266 nihil
191 2215 271 2265 aslum
281 2231 317 2281 ep.
327 2233 363 2277 14.
381 2215 493 2279 Philipr.
526 2221 614 2280 Prema.
806 2280 809 2285 ⁴

78 2297 119 2339 4³·
137 2282 165 2326 Si
172 2279 247 2339 funere
258 2282 326 2327 elates
337 2279 403 2341 effen]
432 2278 527 2336 Caesar,
544 2278 586 2329 ersa
598 2278 675 2329 fuerat
691 2278 784 2329 animus
794 2280 925 2343 conjuraris

49 2357 135 2457 Fedrpm
141 2340 215 2453 rocfflfi
226 2344 251 2455 ἰὲι
261 2343 367 2455 Τίδςιίὲιι
378 2342 562 2457 ιιΐαίιιςιοέζϋοιι
569 2342 705 2456 pstublicamt,
722 2344 776 2455 4ἂῖ
785 2342 924 2459 ιςεῖἐηὲἓῇς,

49 2418 925 2537 {ruhiliasibilaihi1¹‘qu,mll‘iesb‘liiiseeiihnnh

49 2532 150 2599 sepeliri.
169 2531 270 2595 Appiam
286 2530 382 2582 libna.
399 2534 486 2583 sarred.
518 2536 698 2589 Permutatur]
714 2532 861 2597 Perspicuum
876 2532 924 2592 est,

49 2594 168 2647 Caesarem
180 2594 289 2659 intelligi.
310 2595 383 2643 etiam
399 2608 435 2659 ep.
450 2611 487 2655 14·
530 2598 642 2651 erarem,
658 2596 756 2658 inquit,
775 2610 823 2645 ree.
843 2610 927 2647 nonne

49 2656 183 2708 meministi
194 2657 296 2706 clamare
306 2670 346 2714 re,
363 2658 447 2706 omnia
457 2672 487 2723 pe
500 2658 513 2670 '¹
534 2672 566 2717 e,
585 2658 655 2707 liille
670 2656 753 2707 itinere
764 2658 840 2711 datus
850 2657 927 2713 esser?

49 2722 168 2786 sapienter
178 2719 202 2766 id
213 2720 310 2782 quidem
321 2737 328 2767 ι
343 2722 443 2784 iraque,
458 2736 488 2770 eir
501 2736 532 2771 eo
543 2736 594 2785 quar
606 2722 741 2777 manarint,
761 2721 834 2772 vides.
867 2723 929 2773 Scri·

49 2784 85 2835 bit
98 2784 235 2840 Suetonius,
253 2784 359 2832 animum
369 2780 439 2832 luisse
454 2786 582 2843 conjuratis
598 2783 669 2832 occisi
685 2798 769 2848 corpus
784 2787 809 2834 in
819 2786 928 2837 Tiberim

49 2847 158 2901 trahere,
175 2844 240 2894 bona
250 2843 378 2908 publicare,
396 2847 449 2895 asia
459 2846 587 2897 rescindere
592 2865 601 2905 3
617 2846 657 2896 sed
671 2860 738 2896 meru
749 2850 852 2898 Antonii
867 2864 931 2898 con·
954 2857 972 2871 ‘

49 2912 107 2962 sulis
124 2910 151 2958 &
166 2908 301 2973 magistrie
320 2910 395 2958 uirum
411 2908 495 2974 Lepidi
510 2908 628 2961 destitisse
657 2911 683 2960 &
707 2910 842 2961 Plutarchus
863 2910 930 2961 Bruti
993 2956 996 2961 .

49 2971 179 3027 consilium
190 2923 353 3038 reprehenlit,
369 2973 410 3036 qui
420 2974 544 3030 Antonio,
560 2971 656 3038 roganti
668 2984 693 3021 ur
704 2970 781 3022 Cesar
794 2973 877 3023 sunere
892 2972 930 3024 ef-

49 3038 166 3089 ferretur,
182 3032 334 3092 concelserit,
350 3034 432 3085 callio
448 3036 633 3085 contradicente.
651 3048 709 3085 nam
724 3038 858 3093 Antonius,
874 3052 931 3088 curn

49 3116 108 3153 eum
125 3097 288 3148 miserabiliter
304 3099 434 3157 laudaret,
460 3100 578 3173 explicata
597 3096 660 3147 veste
682 3112 777 3147 cruenta
801 3101 825 3149 bc
846 3100 931 3151 ictibus

49 3162 173 3240 perforata
184 3196 192 3220 ,
207 3162 241 3211 ita
250 3162 367 3227 populum
377 3176 512 3212 commovit
523 3197 531 3219 ,
547 3176 573 3211 ut
584 3176 637 3209 cum
647 3159 736 3211 facibus
750 3161 780 3211 ad
792 3161 854 3211 echa
869 3177 930 3214 con·

49 3240 185 3291 juratorum
200 3228 341 3275 accurrerit:
358 3225 422 3276 unde
437 3225 497 3275 illud
513 3226 538 3274 in
549 3238 581 3274 rr.
600 3224 745 3288 Philippica:
762 3230 796 3273 Tu
806 3226 884 3285 funeri
894 3241 931 3289 ty·

49 3294 119 3338 renni
129 3288 285 3352 seelereriffime
294 3289 402 3353 prefuisti
408 3309 416 3337 .·
433 3303 472 3338 tua
484 3292 525 3337 itta
532 3290 623 3352 pulchre
632 3289 730 3334 laudario
741 3322 749 3346 ,
762 3302 801 3337 tere
811 3290 930 3351 meseratio,

49 3366 93 3400 tua
105 3355 233 3401 cohortatio:
249 3366 286 3409 444,
300 3366 326 3400 tre
336 3355 389 3400 illas
397 3354 456 3413 farer
466 3350 591 3411 incendrstr‘,
608 3352 633 3403 ἀι
645 3367 692 3408 eas,
700 3353 783 3463 34441444
789 3353 931 3414 semiustule-

49 3416 145 3530 tusxhi'lle
161 3414 208 3473 est,
232 3418 263 3479 ¹&
278 3432 332 3477 ees,
352 3419 430 3483 qm'hm
448 3417 531 3477 incensa
547 3420 576 3466 L.
594 3415 688 3463 Bellieni
716 3432 776 3467 444444
791 3418 930 3481 deflagravit.

52 3483 81 3535 P.
119 3490 184 3529 auur.

471 3547 565 3594 (44444
578 3556 590 3601 5
637 3542 641 3551 '
837 3557 877 3599 44.
892 3536 933 3591 Pit
