2296 3900
207 120 290 204 1858
359 121 502 189 Linou
544 116 988 203 Quiiirrusiiirciiqus

54 252 194 315 quinium·
210 230 366 303 debebant,
385 244 519 293 stannum
539 247 601 290 non
613 231 718 291 laudari
737 242 823 307 atque
844 231 935 289 amati
950 273 961 301 ,
979 226 1032 317 sed
1052 238 1100 319 pij

56 308 134 366 inodo
210 310 323 371 rictibus
337 310 485 371 contineri.
522 310 600 385 atqui
617 310 656 368 illi
669 324 788 385 quoquo
805 306 898 369 modo
911 306 1013 374 beatu
1034 324 1101 367 civi·

60 440 112 490 alii.

160 3087 163 3093 ·
235 3056 327 3107 caesore
336 3059 478 3117 iiiterfetlo,
492 3073 547 3107 euin
557 3058 588 3107 de
599 3059 764 3109 interficiendo

57 370 170 425 ΜΒΝ
210 398 252 447 tas
279 387 385 448 misera.
424 387 480 447 Sed
508 387 595 447 veliin
623 386 691 445 scire
717 382 784 462 quid
813 385 953 445 adventus
978 383 1102 445 ouini

212 483 284 525 num
306 467 356 542 qui
377 464 526 525 concursus
545 464 581 523 ad
609 480 700 533 euin,
727 480 798 521 num
828 480 897 539 quae
929 465 1102 531 νεωτερισμοῦ

213 542 339 621 suspicio.
377 562 437 602 non
451 553 521 617 puto
538 540 695 617 equidem:
723 538 771 599 sed
783 554 882 599 tamen
904 538 1047 617 quidquid
1065 538 1101 598 est

212 618 281 759 {pipp
301 621 396 698 cupio.
422 621 499 680 Haec
518 615 609 695 scripsi
627 617 663 678 ad
681 628 710 676 te
729 615 910 695 proficiscens
929 616 1036 678 Asturii
1055 634 1101 677 iii.

486 852 825 901 rrisrouiivi.

356 991 601 1054 CICERO
640 989 903 1050 ATTICO
947 988 977 1049 S.

267 1148 388 1205 Rrois
416 1148 478 1207 idus
503 1146 606 1206 Fundis
633 1146 729 1221 accepi
757 1158 817 1203 tuas
842 1143 953 1204 litteras
990 1160 1098 1203 caenans

278 1224 399 1301 primuni
413 1226 496 1301 igitur
510 1226 608 1283 melius
623 1220 700 1282 effe:
721 1222 822 1281 deinde
842 1224 968 1281 meliora
989 1232 1018 1281 te
1037 1240 1097 1279 nun-

223 1301 304 1359 ciare.
325 1302 422 1361 odiosa
434 1304 479 1361 illo
494 1305 570 1362 enini
587 1303 695 1359 fuerant
714 1300 838 1375 legiones
862 1300 977 1358 venire.
1000 1300 1096 1357 ¹⁹Nan

73 1370 204 1439 iqiiidque
224 1376 260 1437 de
275 1379 398 1437 Odiavio
412 1378 509 1456 susque
523 1379 625 1513 despue.
664 1376 793 1453 exspedlo
807 1376 896 1512 tquid
911 1388 945 1417 ²0
955 1378 993 1435 de
1007 1377 1096 1436 Mario:

75 1437 107 1490 ὃ(
121 1439 174 1487 MS·
225 1472 312 1531 quem
328 1456 442 1531 quidem
459 1474 513 1532 ego
534 1455 669 1515 sulatum
691 1455 768 1513 rebat
787 1450 804 1511 i

853 1454 952 1513 assare.
993 1456 1097 1513 Antonii

224 1532 400 1608 colloquium
413 1551 480 1592 cuin
501 1533 632 1591 heroibus
652 1532 748 1591 nostris
768 1547 820 1607 pto
843 1548 875 1589 re
896 1544 967 1589 nata
988 1552 1048 1593 non
1062 1533 1096 1591 iu·

224 1610 424 1669 commodum.
450 1610 496 1669 sed
511 1624 607 1669 tamen
621 1608 711 1667 adhuc
726 1626 773 1666 me
786 1606 855 1666 nihil
870 1607 997 1669 delcetat
1012 1622 1097 1686 ptaetei

224 1684 286 1746 idus
306 1688 391 1747 Mart.
404 1697 527 1759 22¹nani,
541 1688 679 1763 quoniam
700 1683 802 1745 Fundis
820 1684 882 1743 suin
913 1704 986 1745 cum
1010 1690 1096 1763 Ligure

1039 1776 1095 1823 ⁸110·

223 1912 279 1962 beni
289 1928 406 1964 terrarum
422 1914 569 1971 liberanmt,
589 1913 700 1971 defenfi,
716 1912 845 1963 sedetiam
862 1912 972 1965 illustres
988 1917 1017 1966 δι
1035 1927 1097 1965 rehtu

224 1991 335 2041 potentes
351 1976 398 2028 eise
413 1977 537 2028 debebant.
556 1978 581 2037 J.
594 1984 620 2028 F.
633 1983 729 2027 Gronov.
763 1976 875 2027 omnino
885 1974 1007 2029 affentior
1017 1982 1098 2027 Grono-

224 2042 266 2089 rio
279 2076 286 2097 ‚
299 2038 479 2117 suffragantibus
493 2042 590 2091 Balliol.
609 2044 636 2092 &
653 2041 754 2091 Helmst.
788 2044 856 2089 Nam
879 2055 959 2105 uagus
980 2043 1009 2091 iri
1024 2042 1099 2091 malain

224 2117 318 2167 partem
328 2110 458 2169 accipitur,
481 2107 507 2155 δι
523 2104 665 2168 ineptissime
683 2105 811 2171 opponitur
825 2102 874 2151 hoe
895 2104 1003 2168 quidem
1019 2106 1045 2155 iii
1057 2106 1100 2155 loti

227 2166 338 2216 custodiis
350 2166 423 2233 septo.
457 2173 539 2217 Brutus
551 2172 576 2219 δι
591 2167 685 2219 cassius
695 2172 720 2217 iri
730 2166 829 2232 epistola
845 2164 877 2215 aid
894 2170 1040 2220 Antonium
1053 2166 1101 2235 apud

228 2231 325 2281 Cinxr.
342 2235 409 2281 Fam.
422 2249 443 2288 3.
467 2240 511 2281 Nos
526 2236 550 2279 i'n
564 2235 604 2279 hac
618 2234 720 2289 sententia
732 2234 824 2296 sumus,
840 2244 867 2277 ut
881 2245 904 2279 te
919 2238 1037 2296 cupiamus
1047 2236 1068 2281 ἐι
1080 2233 1101 2279 lt'-

228 2294 278 2340 herr
292 2296 360 2355 repub.
373 2312 473 2358 magnum
484 2309 548 2357 atque
556 2295 662 2356 honestum
673 2298 717 2358 effe.
752 2292 838 2345 Noster
849 2293 875 2341 iu
886 2298 962 2346 Ordt.
974 2312 1023 2363 pto
1032 2297 1101 2363 Qlihs·

231 2363 318 2412 Artes,
334 2360 411 2419 quibus
422 2372 448 2405 tu
458 2375 545 2421 magnus
555 2376 576 2406 es
587 2392 595 2415 ,
612 2362 654 2408 ribi
663 2362 757 2409 concedo.
790 2360 905 2409 Gtaevius.

264 2435 300 2475 19.
318 2428 377 2468 Nam
386 2424 411 2469 de
422 2424 513 2469 Odiavio
523 2424 567 2483 scis
581 2438 627 2485 qiu
646 2424 757 2485 castrecin]
777 2422 880 2485 Antiqui
891 2423 971 2473 etiam
986 2422 1103 2485 nostriset·

230 2498 272 2548 qiu
288 2486 354 2549 deque
369 2484 471 2536 haberit:
488 2501 546 2535 iiam
557 2485 604 2535 hoe
614 2486 671 2535 ante
688 2504 732 2536 nos
746 2486 862 2536 Germani
878 2484 1104 2539 animadverterim

232 2548 353 2597 voluimus
363 2561 446 2599 tamen
456 2548 591 2599 nostrorum
606 2552 679 2599 etiam
695 2552 806 2601 codicum
823 2547 970 2600 consensum
986 2554 1014 2601 δι
1032 2548 1105 2600 umori·

231 2622 309 2663 tatem
325 2612 467 2677 producere,
483 2629 533 2677 quo
544 2612 647 2678 pluribus
661 2614 725 2677 quafi
744 2613 839 2664 testibus
853 2616 891 2661 vul
914 2628 954 2663 ata
966 2616 996 2665 δι
1010 2624 1105 2678 corrupti
1125 2643 1128 2652 ·

231 2675 306 2724 ledio
317 2678 471 2727 convincatur
491 2680 518 2728 δι
534 2680 627 2740 penitus
645 2677 757 2728 deleatur.
790 2628 975 2741 susquedeque
986 2682 1110 2729 serron--

232 2740 298 2802 pejus
320 2740 372 2803 plus
393 2742 501 2792 minusve
525 2741 657 2804 fignificare
672 2742 763 2791 tradit:
791 2755 841 2804 quo
857 2741 938 2791 modo
956 2742 1003 2792 alii
1019 2758 1067 2791 nou
1077 2742 1105 2791 iii·

233 2803 345 2851 eruditius
357 2818 501 2868 exponant,
518 2803 707 2855 &manifestum
722 2805 762 2855 eii.
786 2806 865 2853 Vilior.

267 2883 306 2924 20,
323 2875 357 2915 De
368 2872 463 2927 illaria]
492 2869 562 2917 ilica
574 2868 664 2918 caesare
675 2870 804 2933 relegatus,
838 2866 887 2917 ulid
898 2866 1041 2931 impudenti
1050 2882 1105 2918 niet·

233 2926 304 2979 dacio
318 2936 349 2980 C.
358 2932 432 2981 Marii
443 2930 528 3001 septies
539 2932 640 2981 consulis
651 2949 682 2981 rie
716 2946 767 2982 tem
777 2932 801 2980 se
810 2883 857 2980 ede
868 2930 1017 2990 diffitebat,
1039 2932 1108 2997 quire

235 3006 291 3041 tera
304 2996 429 3069 Erpphilus
439 2996 496 3043 esset
508 2999 622 3059 Equitius
634 3012 673 3045 me
691 2999 756 3045 icus:
774 2995 861 3108 postea
871 2992 982 3045 reversus
997 2997 1025 3047 in
1040 2996 1108 3046 urbm

783 3070 855 3108 enatu
865 3056 1000 3110 confilium
1015 3056 1109 3125 mouri.

234 3131 320 3182 poenus
332 3122 406 3174 dedit.
422 3123 469 3171 hoc
481 3124 568 3173 Cicero
577 3119 694 3186 siguificat
706 3124 765 3173 Phili
783 3138 823 3173 .i.
839 3137 896 3172 curn
911 3124 974 3173 dicit
986 3140 994 3172 e
1013 3128 1110 3173 liberarii

235 3184 297 3228 cadis
312 3190 405 3247 periculo
422 3188 523 3244 senatus,
551 3203 620 3233 tineus.
630 3189 756 3250 i'mpadiuse
785 3187 886 3249 fugitivo
904 3188 945 3234 illi
962 3221 973 3245 ,
1002 3190 1044 3253 qui'
1059 3190 1081 3235 1¹⁸
1093 3190 1111 3235 C.

238 3248 315 3355 psapp'p'
324 3267 397 3296 nomen
406 3251 525 3311 invaserat.
542 3252 569 3300 &
579 3250 685 3301 Valerius
699 3251 726 3301 in
737 3248 779 3301 lib.
790 3265 828 3301 lx.
845 3252 873 3302 δι
884 3252 1017 3316 Appianis!
1030 3248 1113 3302 libdll.

262 3343 269 3357 ο
310 3328 370 3361 dnm.

275 3387 312 3421 21.
330 3382 387 3421 Nom
402 3379 503 3437 queniam
518 3378 602 3425 Fundis
613 3378 665 3437 firm
680 3396 727 3427 cum
742 3382 823 3442 Ligure
840 3378 909 3439 nostro
921 3378 1053 3439 struem,
1072 3380 1117 3435 do]

242 3436 297 3484 Nos
308 3452 337 3484 ex
349 3440 453 3500 antiquis
463 3440 637 3503 exemplaribus
647 3444 749 3507 legimus
761 3478 768 3500 ,
782 3460 832 3491 cum
842 3447 874 3491 L'
884 3461 924 3492 ure
939 3444 1032 3504 nostro,
1046 3444 1117 3507 di'piri·

241 3502 287 3551 οἱον
301 3500 394 3563 Sedulo·
404 3501 515 3563 fiendum,
528 3506 574 3559 (γε.
601 3508 659 3557 Etat
673 3507 740 3559 enim
754 3504 854 3559 fortusse
863 3459 913 3560 ¹fxit:
926 3506 1031 3569 ‚Sestum
1044 3504 1120 3619 ΜΡΝ
