2296 3900
258 114 340 174 llil
400 107 513 179 Errbr.
539 116 591 173 nn
611 98 782 193 Qursr'uu
801 110 977 182 Finrlrr't

258 216 289 273 dt
303 215 358 290 ipse
377 217 522 289 cupierat,
548 215 578 273 &
598 230 652 287 ego
671 234 730 274 non
751 217 867 288 minius,
885 236 997 278 mecum
1021 218 1105 284 fuisset.

124 344 129 353 .
256 291 346 383 Quod
361 291 396 350 ad
410 292 619 366 Pomponiam:
646 289 666 347 fi
686 293 733 351 tibi
755 292 890 363 videtur,
908 295 1001 355 scribas
1015 300 1104 369 velim,

169 368 172 377 '
255 385 321 425 cum
333 366 425 443 aliquo
441 369 598 434 exibimus,
631 380 676 424 eat
693 368 840 429 nobiscnm
868 386 1041 445 puerumque
1067 375 1105 433 du·¹

169 436 180 453 ‘
254 456 307 502 cat.
326 444 460 502 clamores
475 443 592 501 efficiam
602 441 639 510 ,sr
652 459 717 500 eum
732 462 846 503 mecum
860 446 984 507 habuero
993 449 1105 511 otiosum

176 584 180 591 ¹
255 537 320 579 nam
340 520 444 577 Rornae
458 514 601 593 respirandi
614 535 673 576 non
687 519 820 579 estlocus.
859 522 895 579 ld
914 540 961 580 me
978 523 1027 581 scis
1040 527 1104 585 antei

108 604 129 673 a
139 592 184 644 alit
197 594 269 664 grat
274 595 354 671 gratis
367 597 416 653 ribi
429 592 482 652 elle
498 595 658 669 pollicitum.
696 595 774 669 Quid
786 614 863 654 nunc
884 602 970 673 putas'
979 612 1054 661 tanta
1072 602 1105 661 abs

110 657 204 713 ‘⁸⁶¹¹‘-
256 684 286 731 te
299 673 366 731 milri
382 670 511 729 mercede
529 668 685 742 proposita?
707 671 733 711 ¹⁶
741 672 837 730 Venio
858 691 940 731 nunc·
960 674 996 733 ad
1008 689 1065 734 tuas
1074 677 1106 735 lit·

255 758 340 808 teras:
355 754 427 822 'quas
441 746 558 821 pluribus
570 745 687 819 'epistolis
701 749 813 821 accepi,
832 747 902 806 dum
916 750 976 807 sum
991 752 1022 809 in
1043 754 1105 827 rlrpi-

255 827 321 884 nati.
358 841 423 881 nam
439 824 508 880 mibi
521 839 578 878 uno
591 820 636 878 die
650 835 703 879 tres
715 823 775 881 sunt
787 822 929 893 redditae,
950 829 982 884 dc
999 830 1103 902 quiden,

256 911 289 958 ur
303 900 479 967 videbantur,
499 898 601 956 eodem
615 898 701 956 abste
715 899 787 956 datae
799 912 930 976 tempore
945 920 953 958 :
974 920 1032 961 una
1044 904 1104 977 pluri-

139 1030 143 1035 .
194 1042 199 1051 ,
256 976 306 1035 bus
320 976 423 1044 verbis,
442 978 471 1032 in
485 990 539 1048 qua
553 974 673 1047 primum
687 988 761 1042 erat,
780 974 859 1050 quod
873 977 1015 1051 antiquior
1028 976 1136 1051 diesin,

114 1082 117 1087 ·
144 1056 173 1121 ,R
193 1058 223 1123 3.,
257 1055 311 1110 tuis
331 1050 419 1110 {uillet
437 1050 566 1123 adscripta
583 1049 681 1106 litteris·
694 1049 780 1124 quarn
800 1052 829 1109 in
853 1051 976 1111 Caesaris.
1016 1054 1045 1112 ld
1058 1056 1104 1115 satit
1131 1088 1135 1119 ι

108 1110 232 1181 bll’t’³¹¹⁸
259 1128 390 1203 toppius
405 1138 616 1201 nonnumquam
632 1122 798 1194 necellarib,
818 1138 865 1196 ut,
894 1128 961 1186 ciam
975 1130 1104 1190 tabellarios
1131 1122 1135 1209 Ι

109 1178 216 1293 ff&
260 1205 429 1264 constituerit
443 1205 552 1260 mittere
567 1244 576 1268 ,
594 1203 748 1276 litterasque
763 1203 779 1258 a
794 1204 874 1260 nobis
895 1208 1053 1278 acceperit,
1069 1208 1103 1266 ali·
1131 1214 1135 1233 ²

163 1256 217 1295 Μ’
258 1299 313 1359 qua
334 1298 364 1339 re
384 1295 459 1338 nova
479 1278 665 1352 impediatur,
687 1280 716 1335 de
743 1275 891 1337 necessario
913 1279 1019 1350 seniis,
1036 1282 1103 1357 quiri
1133 1288 1136 1295 '

256 1357 448 1424 constituerat,
468 1356 579 1411 mittat:
600 1370 692 1429 neque
705 1370 757 1410 nos
771 1354 838 1411 datis
848 1355 907 1429 jam
923 1357 1103 1429 epistolisdietr
1132 1346 1137 1415 Ι

258 1432 426 1493 commutari
439 1447 574 1487 curemus.
613 1429 710 1487 Scribis
729 1429 764 1487 de
779 1430 891 1489 Caesaris
905 1431 1017 1491 summo
1030 1434 1055 1493 in
1067 1452 1104 1493 nos
1131 1424 1139 1508 *ς

256 1516 363 1568 amore.
382 1510 456 1565 bunc
470 1508 499 1562 dc
514 1520 545 1562 tu
559 1505 681 1574 fovebis,
701 1506 731 1562 &
744 1523 795 1563 nos
810 1547 819 1574 ‚
838 1508 1057 1584 quibuscumque
1067 1528 1105 1585 po

258 1587 390 1651 terimus,
409 1583 486 1640 rebus
510 1583 676 1653 augebimus.
713 1580 761 1637 De
779 1582 919 1657 Pompejo
939 1586 972 1641 dt
991 1586 1061 1643 sacio
1077 1585 1107 1647 di·
1137 1632 1140 1639 .

257 1662 390 1737 ligenter,
410 1661 440 1716 &
460 1658 557 1714 faciam
574 1656 651 1733 quod
664 1673 771 1714 mones.
812 1657 903 1733 Quod
916 1660 967 1717 tibi
987 1662 1048 1718 mea
1061 1670 1107 1735 pet:

260 1738 350 1796 millio
363 1733 509 1794 mansionis
523 1745 580 1790 tuae
594 1746 668 1808 grata
682 1731 736 1800 est,
755 1732 784 1790 id
798 1750 852 1809 ego
865 1733 978 1794 summo
992 1754 1057 1795 meo
1069 1738 1108 1796 do·
1137 1792 1142 1805 ,

111 1812 239 1881 coppi&-
259 1814 321 1873 lore
346 1814 377 1871 &
397 1809 548 1876 desiderio,
567 1822 662 1866 tamen
677 1826 710 1866 ex
732 1822 808 1883 parte
829 1810 949 1884 gaudeo.
987 1812 1021 1870 ln
1033 1814 1109 1887 cHip-

112 1876 209 1927 mss·
260 1890 386 1966 podamis
405 1888 435 1944 &
454 1884 591 1944 nonnullis
611 1885 667 1941 aliis
686 1882 845 1943 arceflendis
868 1928 877 1953 ,
913 1887 982 1961 quid
1004 1890 1108 1963 cogitet,

111 1969 134 2037 d
144 1968 239 2032 quinos
260 1985 318 2025 non
332 1964 462 2037 intelligo
501 1961 596 2018 Nemo
608 1960 722 2018 istorum
736 1960 790 2027 est,
810 1957 899 2036 dquin
913 1965 959 2021 abs
973 1976 1002 2021 te
1016 1982 1109 2034 munus

113 2033 222 2108 “Pin''
261 2042 339 2102 fundi
350 2037 492 2099 suburbani
504 2035 751 2109 instar,exspeetet.
771 2037 936 2095 Trebatium
952 2038 1110 2099 veromeun

112 2098 173 2206 4¹⁶2
200 2159 206 2170 .
263 2117 339 2202 quod
354 2116 404 2175 illo
418 2112 583 2171 ‘admisceas
605 2113 675 2197 Pihss
689 2108 734 2170 est.
771 2113 833 2198 Ego
846 2110 925 2170 illurn
943 2115 1110 2175 adsaesareu

114 2170 345 2270 ammiti,
384 2190 495 2281 qimihi
505 2189 563 2263 ja'm
578 2187 711 2247 satisfecit.
748 2186 836 2273 slsPfi
856 2189 974 2271 minus,
1003 2192 1110 2266 praestare

261 2268 330 2331 nihil
343 2210 450 2325 usuca:
468 2279 552 2339 teque
566 2265 634 2322 item
649 2264 681 2321 a'b
696 2263 862 2341 eta-vindico
878 2265 907 2323 δι
920 2265 1020 2326 libero.
1040 2260 1110 2344 Quod

262 2344 351 2407 scribis
370 2340 434 2401 tea
457 2338 562 2397 Caesare'
583 2338 707 2427 quotidie
730 2339 789 2413 plus
815 2338 913 2415 diligi,
931 2343 1111 2403 immortaliter

295 2422 378 2479 ude‘o.
417 2416 529 2474 balbum
546 2432 637 2483 vero,
656 2416 704 2490 qui
724 2415 761 2472 est
781 2414 850 2472 illius
872 2417 912 2473 rei
927 2420 1110 2492 (quemadmo-

282 2508 330 2555 um
342 2492 442 2568 scribis)
461 2492 585 2565 adjutor,
604 2492 632 2547 in
647 2490 732 2547 oculis
745 2490 814 2548 sero.
833 2491 1016 2554 Trebonium
1031 2512 1110 2554 meum

262 2574 321 2634 ate
334 2570 444 2637 amati,
469 2580 552 2641 teque
573 2565 605 2623 ab
624 2565 696 2635 illo,
722 2565 886 2641 pergaude0.
925 2569 1110 2631 De'tribunatu

259 2648 339 2727 qubd
357 2645 470 2714 scribis,
495 2659 548 2718 ego
570 2640 637 2701 verb
658 2643 823 2702 nominatim
843 2643 932 2719 petivi
953 2645 1053 2707 Curtio
1066 2690 1074 2717 ,
1086 2651 1111 2782 ,ᾗ

1059 2741 1092 2781 nu

294 2938 330 2980 11.
348 2931 416 2976 Venio¹
425 2943 479 2977 nunc
491 2930 521 2976 ad
534 2940 581 2976 ruas
596 2930 697 2986 litteras,
713 2941 766 2993 quar
780 2924 876 2992 pluribus
890 2931 984 2992 rpijlolis
992 2936 1114 2996 acceperam]

261 2995 316 3040 Hoc
326 2991 372 3048 est,
389 2991 418 3039 ad
433 3007 540 3055 ea,„quae
552 2990 662 3056 scripsisti.
697 2991 796 3040 Constat
812 2995 875 3040 enim
886 2995 1022 3044 litterarum
1039 3006 1114 3044 nomer

262 3056 341 3104 inulto
351 3056 419 3104 latius
430 3069 508 3119 parcre
519 3053 592 3126 quam
607 3055 755 3118 epistolarum
768 3089 775 3110 ,
796 3055 916 3118 librosque
927 3060 953 3105 bc
965 3061 1084 3107 orationes
1096 3059 1114 3107 lt

262 3130 418 3166 monumenta
435 3120 508 3167 eriam
522 3115 658 3182 significare.
692 3119 758 3165 Idem
774 3120 798 3166 in
814 3124 905 3167 Bruto:
926 3125 989 3167 Hanc
999 3123 1115 3182 sententian

264 3184 331 3226 Varro
344 3183 441 3243 pluribus
459 3196 522 3243 atque
538 3179 691 3240 illuflriatrbus
706 3183 784 3227 litteris
799 3184 923 3242 explicavit.
956 3185 1033 3243 Quod
1049 3185 1116 3237 valer,

262 3239 335 3289 libris.
369 3247 398 3290 Et
419 3243 449 3292 ad
465 3251 514 3291 Art.
532 3242 572 3292 lib.
584 3256 635 3290 ΧΠ.
664 3242 707 3301 lpse
724 3260 757 3289 me
770 3258 806 3304 per
825 3247 910 3291 litterar
925 3247 1046 3303 consolatus
1058 3249 1116 3308 sm.

261 3317 324 3363 quem
334 3305 413 3351 librum
423 3307 452 3351 ad
462 3307 584 3352 remittam.
618 3309 647 3353 Et
659 3304 688 3352 ad
699 3305 800 3353 eundern
812 3304 922 3356 libani.
940 3312 984 3355 His
999 3313 1064 3357 libris
1073 3323 1117 3356 mia

258 3369 362 3425 promia
369 3367 418 3425 funt
427 3370 517 3423 adira,
532 3368 607 3429 quibus
616 3386 687 3414 eorum
697 3383 784 3432 uterque
793 3370 903 3424 laudatur.
920 3376 969 3422 llas
984 3374 1072 3422 litteras
1080 3370 1117 3418 vult

261 3426 343 3479 nabeo.
375 3428 645 3496 Sedresellperspicua.
676 3434 807 3496 Malaspina.
1089 3498 1105 3543 l'

1038 3508 1072 3556 ¹7⁴
1101 3508 1118 3540 r·
