2296 3900
165 112 356 179 Erret
395 129 468 176 nn
511 56 814 178 Arrreum
853 118 938 203 nm

59 223 111 282 tibi
132 220 253 298 placeret
285 218 359 279 Tiro·
384 220 458 277 mihi·-
476 220 616 277 narravit:
648 217 772 288 debere,-
805 234 865 276 non
885 215 941 276 elle

62 298 203 374 dignitatis
217 314 308 355 meae:
328 295 556 371 perscriptionem
564 295 613 353 tibi
628 294 751 370 placere:
771 296 865 353 rahoe
879 312 942 353 me·

62 386 162 446 tuere,·
183 373 301 432 alterum
316 374 346 431 in
360 385 440 431 metu
460 391 519 432 non
540 389 655 447 ponere.
693 370 740 428 sed
762 372 792 429 &
822 371 885 429 haec
911 370 942 430 &

62 452 154 511 multa
167 451 219 509 alia
233 455 340 508 coram.
377 449 530 508 sustinenda
545 462 658 517 tamen,
678 446 698 504 fi
718 447 767 505 tibi
789 447 943 518 videbitur,

62 528 165 587 solutio
180 527 218 584 est
232 528 355 585 nominis
373 526 528 585 Caerelliani
544 553 553 595 ‚¹
580 524 649 584 dum
665 525 696 582 ὅ(
719 524 754 582 de
781 526 925 585 ⁰Metone
934 549 971 608 ‚q
983 536 1095 590 arrides

63 607 96 665 δε
112 605 147 665 de
163 603 281 663 Faberio
295 603 420 662 sciamus.
954 611 1028 650 tione.

333 746 689 821 ermrorinm

200 935 447 999 CICERO
487 937 747 999 ATTICO
786 942 813 1000 Sc

68 1088 322 1200 LTorrrunr
343 1094 515 1151 Montanum
537 1092 631 1163 nosti,
651 1095 700 1170 qui
721 1112 786 1153 cunr
809 1096 947 1161 Cicerone

142 1169 280 1244 profectus
295 1170 341 1229 est.
379 1170 413 1229 ab
427 1172 486 1245 ejus
499 1171 598 1229 sororis
620 1172 681 1229 viro
702 1168 804 1229 litteras
825 1181 919 1251 accepi
935 1198 946 1248 ‚⁴

69 1243 245 1304 Montanum
268 1249 371 1306 Planco
395 1248 519 1317 debere,
538 1247 617 1324 quod
638 1265 707 1323 praes
728 1267 779 1324 pro
808 1250 948 1314 Flaminio

69 1316 120 1389 fit,
142 1322 213 1380 H·S.
228 1343 293 1384 xxv.
318 1325 354 1383 de
368 1341 444 1382 entre
458 1324 551 1383 nescio
566 1323 635 1400 quid
654 1338 683 1381 re
704 1324 720 1382 i
741 1327 884 1387 Montano
899 1348 947 1388 ro·

69 1409 175 1473 garum.
213 1399 277 1460 sanb
297 1401 407 1472 velim,
426 1401 484 1460 live
510 1402 630 1466 Plancus,
645 1401 683 1460 est
703 1403 865 1478 rogandus,
885 1405 944 1466 sive

889 1494 945 1561 mr

67 1621 205 1676 formamm
218 1629 265 1688 est,
283 1632 349 1695 quod
364 1632 499 1697 perscutari
519 1634 545 1682 bc
566 1633 658 1684 attente
682 1633 800 1698 inquirere
819 1631 947 1700 signifieat.

70 1693 153 1747 Quare
164 1692 231 1750 huius
241 1693 349 1744 ledionis
364 1704 412 1743 traec
422 1696 537 1745 sententia
547 1699 607 1752 erit,
621 1699 667 1746 hoc
677 1711 756 1745 aurem
770 1699 896 1762 diiigenter
909 1702 949 1749 in-

68 1750 206 1816 vestigabis.
224 1760 336 1807 Viderint.
369 1760 497 1822 Vulgatam
509 1760 636 1808 leuiorem
646 1759 730 1816 servo,
747 1761 865 1826 adquam
881 1770 949 1813 acce'·
965 1802 968 1807 .

71 1813 212 1869 duntMSS.
229 1821 284 1870 mei.
304 1824 369 1870 Mirr
386 1824 473 1870 Graecis
488 1824 619 1885 appellatur
634 1821 754 1885 specillum
770 1825 946 1890 chirurgicum:

68 1891 102 1926 er
113 1893 141 1926 ea
151 1880 248 1930 verbum
259 1885 387 1940 urrisun
398 1900 437 1947 per
446 1885 600 1933 tralationem
610 1885 643 1932 est
655 1888 682 1934 cir
691 1892 755 1934 aare
771 1892 843 1949 μύλην
856 1894 864 1937 'r
884 1907 947 1948 arpa·

76 1941 168 1997 aziam,
186 1957 312 2008 tamquam
332 1945 429 2010 specillo
445 1949 525 1996 rimari
540 1949 565 1995 δι
582 1949 674 1995 contari
688 1951 771 1998 omnia
781 1978 791 2007 ,ι
806 1965 831 1999 ut
843 1952 872 2000 ch
911 1954 948 2016 rgi

69 2002 98 2050 in
108 2006 222 2056 ulceribus
234 2011 320 2060 solent.
353 2014 417 2059 Cum
428 2013 508 2075 itaque
519 2009 549 2058 de
558 2009 605 2058 illis
617 2008 713 2059 carsatis
728 2010 817 2063 alleciis
828 2016 854 2062 δι
864 2016 948 2064 amicis

70 2064 165 2118 diriffet
177 2073 285 2131 Tullius,·
300 2076 328 2121 Id
338 2088 413 2121 utrum
424 2077 464 2121 iili
468 2075 577 2135 sentiant,
592 2090 621 2120 en
630 2090 681 2122 vete
688 2074 807 2133 fimbris,
822 2089 848 2123 tu
863 2080 949 2125 inteili-

66 2144 117 2192 ges,
134 2132 182 2191 iam
192 2140 367 2186 accurationem
378 2139 403 2185 in
417 2136 600 2203 pervestigandis
612 2139 638 2186 δι
649 2137 778 2189 odorandis
794 2137 906 2203 sagaciter
916 2140 949 2189 il·

70 2194 152 2266 lorum
166 2201 250 2249 animis
260 2201 359 2250 mandat
370 2200 414 2250 bac
424 2202 560 2257 locurione‚
577 2200 635 2249 rino
645 2202 670 2249 di
682 2204 787 2265 μηλόσῃ.
809 2203 948 2253 Proverbia-

70 2256 101 2303 its
112 2257 223 2330 formula.
240 2266 330 2322 Juniur.
360 2269 456 2323 Veteres
467 2262 519 2316 Bos.
532 2261 584 2313 mu:
598 2267 710 2312 ΤΟΥΤΟ
728 2270 765 2314 ΔΕ
781 2270 946 2326 ΜΥΙΛΟΟΗ,

72 2320 141 2382 quod
156 2335 190 2370 rra
204 2329 304 2376 correxit
320 2332 346 2378 &
362 2328 487 2386 distinxit,
504 2327 565 2377 rien
577 2328 600 2374 ri
612 2327 676 2383 μυῖα
693 2328 745 2378 ira?
761 2329 825 2394 vulg.
843 2332 903 2380 eir·
917 2334 944 2380 si

72 2384 190 2444 parom
204 2391 269 2451 quod
283 2405 314 2438 ex
329 2394 411 2440 veteris
432 2391 546 2455 scriptura
561 2387 662 2452 vestigiis
677 2394 808 2451 conjecerat
826 2393 946 2442 Victorius

71 2460 116 2509 Pr⁰
124 2468 140 2501 ,ι
148 2453 207 2495 siro
218 2455 242 2499 ii
254 2452 330 2515 probri
342 2488 350 2509 ‚
364 2453 431 2517 quod
440 2469 510 2503 antea
525 2452 662 2519 legebatur:
677 2456 801 2519 vulgatam
812 2456 945 2506 lestionem

72 2509 178 2582 sequitur
189 2511 278 2575 Junius.
299 2529 322 2564 at
337 2517 482 2581 Dausqueius
496 2517 575 2581 legin
591 2517 651 2564 σέτι
667 2520 691 2566 «ii
710 2536 751 2577 μοι
764 2521 868 2577 norm.
898 2520 946 2569 hoe

73 2573 370 2630 mihicuraefuturumest.
403 2594 460 2629 aut:
473 2583 570 2629 aierit
590 2580 619 2637 μ’
636 2580 719 2630 licien.
744 2583 832 2629 clavum
847 2584 946 2643 injicies,

73 2630 127 2693 seu,
144 2636 210 2686 rebus
223 2643 282 2690 meis
291 2658 385 2692 moram
396 2651 467 2707 atque
477 2643 683 2707 impedimentum.
717 2646 791 2694 Cleric.

105 2714 144 2764 48.
162 2710 198 2750 De
210 2707 324 2763 caralim]
340 2711 425 2770 uppz.
443 2707 553 2756 libxrrr.
571 2711 638 2755 Fam.
660 2706 721 2755 bend
736 2721 750 2755 a
764 2710 880 2758 Cicerone
891 2706 951 2759 sene'

72 2782 181 2817 amatam
191 2769 328 2816 criminatur
336 2775 367 2829 Q.
378 2768 456 2818 Fufius
467 2770 571 2818 Calenus
582 2768 643 2832 apud
653 2771 760 2819 Dionem
770 2772 811 2820 lib.
819 2786 891 2821 xnvr.
902 2786 948 2821 nec

60 2833 175 2894 Qrintil.
188 2831 228 2879 lib.
236 2847 271 2880 vr.
288 2846 338 2894 cap,
345 2851 367 2890 4.
384 2835 410 2882 &
423 2834 539 2881 Ausonius
554 2836 580 2881 in
596 2838 708 2882 Centone
727 2836 827 2898 nuptiali
846 2848 948 2899 negant.

72 2897 194 2955 Krprnniar
204 2892 281 2944 scribit
292 2897 366 2946 Dion.
383 2896 431 2944 irate
439 2899 511 2945 eriam
520 2895 597 2945 studio
612 2893 766 2962 philosophia:
776 2898 897 2964 ,flagrabat
907 2905 951 2962 epis

72 2962 113 3009 231.
131 2957 242 3010 linitur.
275 2960 359 3007 terrm.
997 2960 1000 2967 “

105 3037 145 3082 49.
162 3027 207 3068 Hoc
217 3036 309 3070 metuere
321 3055 329 3078 ‚
344 3023 438 3068 aiterum
448 3024 472 3068 r'n
481 3033 538 3069 meter
548 3040 589 3068 nen
598 3020 692 3086 precra]
714 3021 796 3071 Verfirs
808 3022 848 3071 hic
859 3022 892 3071 est
908 3021 951 3071 sx-

72 3086 127 3150 pius
139 3085 154 3134 i
164 3087 281 3134 Cicerone
290 3085 458 3151 pronunciatus
470 3100 477 3130 z
494 3090 601 3135 autorem
613 3098 692 3133 autem
706 3087 852 3148 ignoramus.
882 3090 950 3135 Eun-¹

72 3148 131 3197 dem
149 3147 242 3197 adducit
259 3151 284 3196 in
302 3149 435 3213 penultima
450 3163 502 3195 xiv.
517 3147 569 3196 libri
584 3148 702 3211 epistola,
724 3151 750 3196 bt
766 3150 791 3196 in
805 3149 903 3212 Topicis
915 3149 946 3204 ad

72 3211 228 3262 Trebatium:
245 3228 294 3275 quo
305 3216 361 3261 loco
373 3213 510 3275 exemplum
521 3213 588 3275 ponit
599 3212 796 3274 enthymematis,
814 3213 880 3274 quod
891 3230 950 3264 corr·

74 3275 122 3324 stat
132 3289 163 3323 ex
173 3278 304 3325 contrariis.
322 3278 400 3327 Vilior.
434 3277 466 3323 Τὸ
476 3279 513 3321 boc
523 3276 621 3324 refertur
631 3275 662 3324 ad
672 3277 798 3331 remotius,
815 3276 839 3324 id
849 3277 882 3326 cst
895 3313 902 3336 ‚
919 3276 953 3326 ab

73 3339 122 3388 illo
129 3352 185 3387 nem
202 3339 685 3405 edebendo‚teabhorrererbocnempeut
696 3341 718 3387 ei
728 3337 887 3404 perscribatur,
896 3343 955 3392 satis

75 3415 162 3448 comm
197 3403 272 3453 efieri
279 3401 346 3469 polle
358 3417 449 3472 putate.
466 3404 525 3458 Vide
535 3403 633 3472 fibrfflq
648 3401 848 3471 obseruari-16·
865 3401 954 3491 ΜΖ(-

76 3465 244 3536 Ῠ.Ε.6τ“οηον,·
820 3544 834 3595 ς

833 3518 1087 3668 *mr
