2296 3900
321 39 402 95 ¹9⁰2
475 39 614 77 uiuere
656 39 1101 94 quantusuucrmus

318 126 488 188 rannod’toni
508 126 665 203 poffiderit
690 127 823 205 legendus
848 126 919 185 mihi
946 124 1048 201 saepius
1070 128 1109 189 est
1137 141 1148 184 e

320 208 427 282 major,
448 204 482 262 ad
496 218 525 262 te
539 203 640 264 millus.
679 208 859 264 Amariorem
876 204 953 262 enim
962 220 1011 261 me
1023 204 1119 266 senetl
1142 235 1148 246 „

218 308 227 328 ·
264 311 273 329 ·
320 285 368 342 cit.
405 282 566 341 stomachor
580 285 685 342 omnia.
723 283 768 340 sed
784 282 853 341 mihi
866 280 984 360 quidem
998 280 1141 350 Balbinum.

320 359 411 419 derint
424 360 552 434 juvenes.
590 372 622 417 tu
642 378 705 417 mea
727 361 855 425 curabis,
874 370 906 416 ut
921 376 1008 416 tutas.
1048 360 1126 419 llaec
1147 373 1148 411 l

318 436 382 517 psi,
402 435 582 513 seudidlavi,
602 434 724 511 appoliti
737 434 855 494 secundi
869 432 982 504 menld,
1002 437 1080 511 apud
1100 439 1146 497 Ve

316 517 400 575 rium.
438 513 567 588 postridie
583 514 655 593 apud
671 513 795 571 Hirtium
810 510 985 588 cogitabam:
1010 524 1036 567 ³¹
1047 516 1148 592 &qui

317 596 506 649 erra-enatam.
525 590 562 648 lic
576 592 723 648 hominem
744 589 887 647 traducere
909 589 943 646 ad
958 591 1144 669 optimatesp

318 670 398 736 >ripae
415 671 507 730 πολύς.
528 685 616 725 nemo
631 667 668 725 est
684 668 816 735 illorum,
836 667 885 742 qui
907 666 1000 724 otium
1018 686 1080 726 non
1096 672 1145 728 tim

319 738 443 822 sequare
457 743 549 803 talaria
562 744 716 803 videamus.
762 744 871 822 quidvis
892 744 971 801 enirn
994 743 1091 819 potius
1114 766 1132 823 q

1111 841 1143 884 ca

311 1042 378 1105 suem
388 1044 485 1104 Tertiam
496 1043 608 1097 conciliare
618 1042 695 1103 ἀρνί
704 1076 711 1099 ,
727 1054 776 1091 erat
787 1042 857 1109 igitur
887 1038 944 1091 lane
957 1040 1110 1093 desolarentur
1121 1077 1129 1100 ,

317 1110 400 1160 Battus
412 1104 528 1155 Caesarem
539 1104 671 1163 occidiller,
688 1107 808 1154 Serviliam
825 1123 855 1171 po
885 1107 940 1155 dere
956 1103 1065 1153 fundum
1082 1121 1098 1153 a
1112 1111 1148 1155 c,

317 1168 410 1217 datum.
427 1174 547 1219 P.Manur.
572 1174 665 1227 Pontia]
683 1171 776 1216 Pontius
790 1171 875 1232 Aquila
886 1170 952 1219 Trib.
964 1168 1031 1231 pleb.
1044 1169 1148 1219 Caesari·

317 1230 364 1287 fus,
374 1232 476 1293 eoquod
489 1233 643 1295 triumphanti
656 1231 796 1281 &subsellia
812 1233 933 1294 tribunitia
948 1233 1135 1296 praeteruehenti

317 1293 489 1349 alfurrexiss'et„
499 1295 563 1348 idem
576 1295 690 1359 posteain
702 1295 817 1353 Caesarem
828 1298 968 1357 conjuravit.
1005 1300 1117 1359 Legatus
1138 1308 1145 1338 t

316 1360 353 1407 mi
366 1360 430 1413 Bruti
440 1359 464 1406 iu
477 1357 606 1418 Mutinenli
618 1359 705 1423 preelio
715 1358 805 1409 cecidit.
817 1361 901 1410 Famil.
912 1359 953 1409 lib.
960 1374 985 1410 x.
1005 1373 1043 1423 ep.
1055 1377 1096 1417 33·
1112 1360 1138 1409 ad

314 1434 381 1476 tum,
397 1422 446 1470 Dio
456 1421 576 1473 libanu.
612 1426 696 1485 Popma.
937 1460 939 1465 ,

320 1535 323 1542 ,
349 1500 386 1539 30.
405 1488 497 1544 Matre]
512 1485 621 1541 Servilia,
639 1501 690 1549 quae
700 1499 757 1535 tunc
768 1501 865 1550 quoque
876 1483 1016 1535 Caesarianis
1028 1485 1066 1534 ita
1078 1498 1128 1537 erat

316 1560 361 1603 ea,
374 1560 399 1594 ut
411 1546 434 1595 se
446 1546 560 1597 frumenti
571 1550 717 1597 curationem
729 1549 758 1599 de
770 1556 783 1598 s
793 1554 822 1599 C.
835 1550 976 1598 sublatutam
990 1549 1145 1612 polliceretur

319 1624 356 1659 11.
374 1613 399 1658 &
412 1626 448 1659 12.
467 1611 505 1660 tib,
514 1627 552 1660 xv.
569 1611 713 1659 tiroeinium
723 1613 756 1661 est
768 1615 839 1679 igitur
849 1626 951 1669 matrem
964 1612 1013 1660 frui
1025 1611 1108 1665 adhuc
1124 1615 1148 1662 d=

316 1674 421 1727 tionibus
432 1675 481 1732 eius
492 1676 605 1738 tyranni,
620 1688 692 1739 quem
708 1675 771 1725 filius
787 1679 879 1733 etiam,
900 1691 932 1725 ne
948 1674 1103 1726 donationes
1120 1678 1135 1728 h

315 1736 385 1787 modi
394 1736 490 1791 fierent,
510 1737 636 1789 interfecit.
654 1742 738 1789 (arrad.
856 1782 859 1787 ,

320 1836 323 1841 ·
347 1806 432 1855 31.Et
460 1804 531 1849 uidem
543 1808 705 1860 arietariam]
730 1801 819 1859 ldest,
835 1803 944 1867 quamvis
964 1801 1005 1851 hie
1021 1818 1126 1867 quoque

315 1862 346 1913 fit
357 1863 387 1913 de
398 1817 535 1915 Caeirriauis
545 1866 594 1915 illis
604 1866 784 1929 quinqueviris,
802 1868 843 1929 qui
851 1867 950 1918 ‚Calatis
961 1866 1037 1915 firous
1050 1883 1145 1917 curaret

315 1927 349 1977 lli
360 1941 440 1977 autem
451 1928 516 1987 sunt,
534 1931 666 1986 Antonius,
682 1933 716 1977 Le
733 1928 798 1987 idus,
814 1932 915 1985 Hirtius,
932 1931 1026 1987 Pania,
1040 1930 1142 1988 Balbus,

333 1990 705 2057 lebiRom.infunereilloprae
733 2006 808 2042 erunt.
835 1992 875 2042 Est
886 1994 951 2042 enim
963 2003 1130 2051 aeternamm,

314 2004 404 2119 iegium
423 2057 528 2118 quinque
543 2057 647 2104 vitorum
666 2055 858 2118 irreverentem:
884 2072 932 2107 vox
943 2054 1045 2105 obscure
1063 2072 1147 2122 comp·

313 2117 354 2230 pt
364 2117 514 2181 postulabant
531 2118 657 2180 tempora),
669 2133 698 2166 ex
715 2121 814 2169 nomine
830 2120 911 2175 eriam,
927 2121 1060 2183 quinque,
1078 2123 1103 2171 &
1121 2139 1144 2170 ae

325 2182 499 2244 epulcrttm,vel
512 2181 754 2244 sepultura,cundens
765 2182 870 2231 hominis
882 2183 1002 2245 reliquias.
1022 2189 1119 2247 Arguta
1146 2206 1148 2220 ι

312 2242 408 2309 pofitio.
425 2245 513 2301 Junius.
548 2245 689 2293 Existimant
702 2247 814 2294 nonnulli
825 2262 960 2302 eraverunt,
971 2249 1078 2294 nomine
1090 2246 1147 2306 dest

313 2307 461 2364 rillittium,
475 2307 586 2364 Pansam,
605 2307 720 2364 Balbum,
737 2310 778 2371 qui
793 2323 839 2357 tres
856 2307 885 2356 de
902 2310 1009 2420 {umque
1033 2312 1143 2359 remense

312 2371 431 2431 l’uteolis,
449 2371 551 2420 ottavio
565 2373 589 2421 δι
600 2371 709 2442 Philippo
720 2376 826 2421 Romam
838 2371 905 2435 profe
930 2375 962 2428 is,
979 2386 1005 2421 ut
1022 2373 1059 2423 est
1071 2389 1108 2440 ep.
1120 2392 1140 2423 2.

312 2437 364 2482 Sex.
375 2436 570 2500 Pompeium‚qul
580 2437 657 2497 quinis
670 2436 781 2498 luperest,
797 2435 821 2483 id
832 2435 864 2483 est
875 2434 966 2491 sextus,
983 2435 1084 2486 utdicat
1096 2437 1119 2488 se

313 2501 366 2559 sex.
380 2497 534 2549 addictorum.
568 2503 621 2564 Ego
631 2511 689 2563 puto
706 2498 810 2549 llirrium
826 2499 905 2547 vocati
923 2500 1092 2559 revellentes,
1109 2500 1133 2549 id

313 2562 431 2625 reliquum
442 2562 532 2610 bonum
544 2576 557 2609 e
568 2564 673 2625 quinque
688 2560 843 2618 cesarianis,
865 2576 936 2626 penes
952 2576 1016 2623 quos
1033 2577 1089 2612 tum
1106 2564 1130 2613 su
1145 2588 1148 2606 ι

312 2622 519 2687 reipublicorum,
537 2625 648 2674 nimirum
660 2625 751 2688 Lepido
762 2625 878 2689 Magistro
895 2640 907 2671 e
927 2626 1024 2681 uirum,
1044 2630 1148 2677 Antoni

313 2686 443 2736 Dolabella
456 2687 616 2754 Consulibus,
636 2691 713 2736 Hirtio
730 2692 755 2737 δε
773 2688 845 2736 l’aula
856 2640 999 2737 Coniulibus
1013 2690 1147 2756 defigeretis

313 2749 398 2862 qtrilbgs
409 2766 468 2798 unus
481 2751 568 2799 Hirtio!
579 2751 654 2800 adhuc
664 2751 741 2800 bonus
752 2757 802 2801 e'rat
813 2754 838 2801 bt
849 2751 952 2800 infensus
965 2757 1083 2805 Antonio
1095 2770 1133 2821 ep.

312 2822 335 2863 6.
363 2814 439 2863 i.xv.
460 2819 489 2861 Pe
503 2832 546 2863 ma.

346 2893 385 2930 32.
401 2826 570 2941 Qureialarie
583 2879 718 2936 {ardeamus}
746 2883 832 2929 Vetera
846 2881 929 2941 omnia
950 2878 1145 2944 exemplarium

311 2956 359 2987 mus
375 2939 480 2990 habent:
496 2940 520 2989 id
533 2940 565 2989 est
577 2956 702 3004 paremus,
723 2944 748 2991 δι
764 2955 789 2990 ut
805 2943 878 3006 vulgo
894 2941 996 2999 dicitur,
1015 2946 1135 3008 providear

312 3005 390 3051 Prima
401 3006 479 3068 quinti
489 3006 541 3055 libri
552 3006 663 3068 epistola:
682 3008 708 3051 ld
718 3020 789 3051 aurem
801 3025 826 3052 ex
836 3025 857 3053 ea
869 3040 875 3057 ‚
892 3011 999 3067 κηρίων
1011 3042 1019 3063 ,
1035 3012 1098 3072 quod
1109 3026 1144 3057 ant

305 3067 366 3125 serat
383 3071 500 3123 Sterbr'us,
516 3086 540 3116 uc
552 3072 670 3131 prandium
680 3070 737 3117 nabis
747 3072 839 3119 videret.
872 3075 900 3118 ln
912 3072 1014 3118 Lucullo
1028 3088 1035 3117 :
1054 3076 1102 3120 Sed
1111 3079 1136 3121 ln

307 3140 400 3175 tremum
415 3150 486 3177 eorum
497 3133 544 3183 ed:
560 3134 666 3194 pullulant
682 3148 706 3179 ut
721 3134 851 3196 explicentur
862 3136 903 3181 hee
919 3137 1099 3196 inexplicabilia.
1118 3145 1138 3186 T

307 3207 359 3237 num
369 3196 463 3255 alr'qurm
474 3197 541 3255 censeo
557 3199 664 3252 videant,
682 3195 696 3241 ei
713 3214 745 3243 me
760 3196 823 3245 aliam
841 3201 979 3259 exceptionem
995 3216 1114 3263 nunquam
1130 3205 1140 3248 τ’

307 3256 401 3303 trabunt.
434 3262 461 3303 ln
474 3260 595 3320 prooemio
606 3273 650 3306 111.
664 3259 718 3307 libri
728 3258 758 3305 de
771 3265 891 3308 Oratore:
907 3264 981 3323 ‚Qum
996 3263 1079 3322 dixrffi
1092 3265 1146 3325 const

307 3319 426 3367 videndum
434 3320 476 3376 fibi
486 3324 596 3381 aliudesse
606 3324 715 3379 confilium
726 3357 733 3379 ,
749 3326 787 3370 illa
799 3326 876 3384 senatu
882 3327 906 3385 se
921 3340 985 3386 remp.
994 3341 1070 3383 gerere
1082 3346 1124 3375 noar
1133 3342 1147 3391 p

306 3381 422 3445 Quamvis
433 3383 528 3444 vulgara
537 3384 610 3435 lectio
621 3386 693 3452 recipi
703 3390 728 3438 δι
743 3385 842 3439 defendi
853 3386 925 3453 pellit
936 3421 945 3447 ,
960 3390 1097 3443 maluimus
1112 3406 1148 3443 ta
