2296 3900
255 123 335 186 2172
414 106 604 175 Errsr.
646 121 716 169 nn
755 102 1015 171 Biturom

253 229 360 276 caturus
374 217 423 286 fit,
443 217 579 294 exspectet
592 216 708 292 populus
722 210 887 276 Romanus?
907 234 956 276 nos
967 207 1108 288 hi'sumus,

219 336 223 343 ,
242 295 290 373 'de
303 311 425 370 quorum
439 295 521 352 salute
534 311 604 352 unus
619 295 708 352 homo
723 295 859 369 rogandus
879 293 1002 352 videatur
1017 294 1029 350 l
1054 295 1108 371 Ego

106 393 123 428 e
137 375 195 426 liloe
255 370 343 439 veto,
362 383 394 428 ut
406 371 493 429 eilluc
508 384 643 437 revertar,
661 369 774 438 issum,
791 372 840 446 qui
853 369 1045 429 ⁶⁶nonmodb
1058 388 1109 431 nou

107 445 165 514 ²⁴⁸2
255 446 403 522 supplicem
420 489 430 517 ,
447 447 494 505 led
507 444 605 505 feriam
627 463 772 505 coerceam
794 445 984 522 postulantes,
1002 457 1054 504 sut
1072 446 1109 507 fibi

106 503 208 612 {mim
255 522 427 598 supplicetur.
463 521 544 580 hAut
562 520 647 597 longe
667 520 684 580 a
707 522 882 581 servientibus
904 523 1005 592 abero,
1026 523 1129 587 iniit:

81 621 86 641 ·
106 566 197 677 ,ξ’-Ὺ
255 616 311 673 qne
326 597 380 656 elle
395 599 526 675 judicabo
548 600 695 666 Romam,
715 599 884 674 ubicumque
903 598 1041 657 ¹‘liberunt
1067 595 1105 657 ele
1125 626 1128 645 ε

139 691 229 738 nem.
253 677 361 734 licebit:
382 692 415 733 ac
436 676 514 734 vellri
529 675 693 743 miserebor,
719 675 817 750 quibus
836 692 890 733 nec
906 688 989 743 aetas,
1015 674 1129 750 ¹neque.¹

104 706 231 827 {Aradi
252 753 390 821 honores,
410 768 502 830 neque
524 754 605 810 virtus
626 751 714 809 aliena
734 750 910 810 dulcedinem
933 751 1051 809 vivendi
1069 752 1105 810 nil

102 818 204 891 ΞΜ·
256 845 341 887 nuere
353 830 482 903 potuerit.
520 828 593 886 Mihi
614 826 727 902 quidem
746 828 783 885 ita
804 828 897 885 beatus
919 824 974 886 elle
989 827 1104 897 videbor,

102 877 272 988 {blgl‘fflbfi
286 904 376 962 modb
396 905 549 963 constanter
568 921 600 961 ae
614 903 747 978 perpetui)
761 903 877 978 placebit
890 905 950 962 hoc
965 902 1105 972 confilium,
1135 940 1145 987 q

101 955 216 1059 {mpffi
251 993 283 1038 ut
296 980 407 1038 relatam
422 993 517 1054 putem
532 981 644 1055 gratiam
666 981 758 1052 pietati
779 997 860 1038 meae.
898 979 980 1052 Quid
995 980 1105 1038 enimnl
1131 992 1146 1029 ἐ

101 1058 350 1126 ,alcmannius
377 1056 462 1131 quam
496 1057 634 1131 memoria
653 1053 726 1112 recle
748 1055 913 1125 utrorum,
939 1059 971 1114 ὅ(
1000 1057 1105 1115 libertate
1139 1040 1146 1095 ¹

102 1127 111 1177 ¹
127 1130 173 1175 ‘¹¹3'
187 1142 230 1177 ¹¹0⁰
254 1146 419 1192 contentum
434 1133 571 1207 negligere
587 1129 728 1217 humana?
749 1130 802 1189 Sed
815 1132 889 1191 certe
913 1151 976 1191 non
997 1132 1106 1220 succum

103 1189 222 1248 ¹⁰¹¹⁰¹⁸⁸³
254 1208 590 1276 bam-succumbentibus,
610 1225 663 1266 nec
683 1223 776 1265 vincar
798 1209 831 1266 ab
850 1210 882 1268 iis
899 1250 909 1277 ,
928 1210 979 1284 qui
1001 1208 1030 1267 se
1047 1226 1105 1269 rucr

102 1268 215 1379 dfcssxpe-
254 1286 375 1344 volunt:
395 1296 416 1327 ω
430 1287 606 1361 experiarque
632 1286 662 1342 ὃ(
686 1284 798 1343 tentabo
821 1287 941 1344 omnia:
963 1302 1056 1360 neque
1069 1285 1106 1343 de·

100 1380 147 1431 riae
157 1380 183 1427 ur
193 1381 243 1426 alit.
253 1360 340 1420 fistam
352 1360 500 1422 abstrahere
512 1359 528 1419 a
542 1360 651 1419 servitio
665 1359 804 1419 civitatem
819 1361 949 1420 nostram.
968 1405 971 1409 .
991 1361 1017 1419 Si
1031 1360 1105 1420 secuta

103 1457 119 1489 n
133 1438 153 1516 {³
167 1438 334 1496 minusfuerit
350 1479 360 1506 ,
378 1454 443 1515 quae
457 1437 554 1506 debet,
574 1438 683 1520 fortuna
697 1457 707 1503 ;
728 1435 906 1509 gaudebimus
921 1455 1038 1496 omnes:
1055 1437 1105 1496 ”fin

102 1505 154 1552 ⁴1¹¹·
253 1515 360 1581 minus,
381 1528 434 1588 ego
448 1524 542 1570 tamen
564 1513 698 1586 gaudebo.
736 1513 832 1586 quibus
852 1515 929 1572 enim
946 1512 1038 1588 potius
1055 1515 1105 1572 haec

253 1591 309 1648 vita
337 1589 413 1648 factis
444 1599 492 1646 aut
525 1589 734 1663 cogitationibus
760 1586 915 1648 traducatur
950 1588 1037 1666 quarn
1062 1591 1130 1665 iis,¹

253 1683 318 1743 quae
331 1665 511 1742 pertinuerint
524 1663 558 1722 ad
573 1663 725 1722 liberandos
739 1664 812 1722 cives
828 1664 928 1725 meos?
950 1666 1018 1737 Te,
1038 1667 1106 1724 Cice·
1130 1658 1138 1697 '³

106 1771 124 1808 ο
138 1755 230 1808 diffidas
253 1760 310 1810 ro,
329 1759 399 1817 rogo
425 1753 507 1816 atque
528 1741 649 1807 hortor,
668 1757 705 1798 ne
718 1739 884 1816 defatigem,
904 1759 963 1800 neu
977 1742 1106 1801 ⁰diffidas:

107 1820 197 1897 senape:
254 1818 361 1892 semper
374 1820 402 1876 in
416 1816 589 1892 praesentibus
603 1816 679 1875 malis
692 1815 866 1890 prohibendis
876 1819 1106 1894 ,futuraquoque

106 1887 156 1933 ⁵¹¹¹·
253 1894 303 1953 nist
316 1905 379 1951 ante
395 1893 426 1952 sit
439 1893 599 1957 occursum,
620 1893 767 1967 explores,
786 1893 862 1951 nese
877 1894 1025 1952 insinuent.
1053 1899 1107 1953 For·

108 1977 232 2039 perolim
252 1982 311 2029 tem
331 1971 361 2027 br
381 1971 496 2026 liberum
526 1971 649 2027 animum
666 2011 675 2035 ,
701 1985 758 2042 quo
779 1969 831 2026 a&
852 1970 974 2036 consul,
994 1973 1026 2028 &
1044 1988 1106 2029 nunc

108 2038 172 2095 <⁰¹¹s·
184 2044 237 2103 “²¹12
254 2045 399 2105 consularis
412 2044 608 2119 rempublicam
632 2044 769 2102 vindicasti
785 2085 794 2109 ,
820 2044 877 2102 stne
894 2048 1058 2114 ‚constantia
1083 2049 1105 2104 lt

105 2102 184 2152 M·
255 2120 437 2198 aequabilitate
451 2121 557 2179 nullum
570 2118 623 2179 elle
637 2121 744 2195 putaris.
783 2119 882 2178 Fateor
902 2124 980 2180 enim
998 2165 1007 2190 ,
1027 2123 1106 2182 durio
1139 2158 1142 2165 ·

253 2216 313 2257 rem
329 2193 383 2254 effe
399 2197 589 2256 conditionem
610 2197 736 2270 spectata
756 2197 859 2255 virtutis
885 2197 973 2272 quam
994 2200 1107 2273 incogni·
1135 2202 1146 2265 ,’

251 2287 298 2331 tae.
335 2271 483 2330 Beneficia
504 2291 554 2348 pro
576 2272 835 2346 debitiserigimus.
872 2273 975 2349 ⁶7quae
998 2275 1020 2334 li
1045 2277 1107 2333 aliter
1131 2266 1146 2329 t'

1054 2369 1108 2409 elt-
1132 2382 1135 2387 ·

282 2552 320 2593 66.
338 2550 382 2593 nnn
394 2545 454 2590 modo
469 2563 508 2591 nan
519 2547 652 2609 supplicem]
678 2545 789 2595 Posterius
803 2566 842 2595 non
859 2549 884 2597 in
900 2548 1043 2602 Beffarionis
1056 2553 1107 2603 libid

252 2610 302 2656 rlou
313 2606 361 2664 est,
378 2608 403 2654 ὅ(
415 2608 490 2669 potest
501 2608 619 2658 lubaudlri.
636 2624 685 2671 quo
695 2608 808 2672 loquendi
821 2626 906 2674 genere
916 2611 984 2664 ulum
1000 2614 1057 2681 saepe
1070 2615 1106 2665 effe
1144 2622 1146 2627 '

251 2673 394 2718 Ciceronem
411 2669 553 2718 ostendimus
571 2674 595 2719 in
613 2671 723 2728 scholiis,
746 2687 796 2736 que
812 2675 836 2722 in
852 2676 993 2725 Familiares
1008 2679 1107 2742 epistulas
1144 2698 1146 2709 ·

252 2732 419 2781 adolescentuli
429 2734 552 2781 edidimus.
584 2741 610 2784 P.
619 2738 704 2781 Manat.
1143 2750 1146 2789 l

282 2804 320 2844 ⁶⁷.
337 2797 392 2859 Qa
399 2795 419 2850 st
429 2799 621 2855 alitcrevem'untd
642 2794 711 2847 Abest
726 2794 738 2843 d
758 2797 817 2846 meis
827 2801 994 2859 conjunffiofi
1006 2836 1014 2859 ‚
1029 2805 1055 2853 δι
1066 2804 1109 2866 qui·

250 2855 306 2906 dem
322 2857 449 2904 omnibus:
471 2872 513 2905 nec
529 2858 611 2906 dubito
626 2861 683 2921 quin
701 2858 770 2907 reete.
804 2865 889 2923 Neque
909 2868 975 2911 enim
988 2881 1033 2928 qu
1048 2867 1110 2915 bene·

251 2918 315 2969 sabla
331 2919 420 2973 refert,
444 2918 482 2967 sed
499 2921 591 2969 infinite
608 2924 737 2983 accipitur,
755 2923 800 2968 boc
816 2925 899 2974 modo,
931 2931 992 2986 Quae
1009 2930 1075 2978 aliter
1087 2943 1109 2977 ct
1128 2954 1133 2973 ι

128 2978 131 2985 ’
200 3016 203 3021 ,
249 2983 360 3029 volumus
374 2995 444 3042 atque
456 2984 688 3044 oporteteveniunt,
710 2983 795 3031 infello
815 2988 897 3036 animo
916 2989 1108 3050 reprehendimus.

251 3047 290 3092 vel
299 3048 364 3091 aliter
374 3045 438 3092 male
449 3043 564 3108 significat
577 3081 584 3101 ,
600 3059 624 3093 ut
636 3046 665 3094 ad
677 3048 782 3094 Atticum
792 3047 833 3097 lib.
846 3062 897 3098 vir:
912 3054 981 3098 Illum
991 3056 1058 3101 alim
1070 3071 1110 3099 cm
1133 3070 1136 3077 ·

249 3107 579 3166 aliislocurumeffeaudielam.
610 3107 822 3170 Quosensuetiam
833 3113 892 3170 secan
906 3115 1028 3177 accipitur.
1052 3115 1110 3165 Idem
1135 3110 1138 3117 ¹

249 3169 374 3217 Thoranio
385 3168 425 3217 lib.
436 3168 501 3231 epist.
514 3170 543 3216 ad
555 3176 717 3232 Torquatum:
735 3175 815 3234 Magna
823 3178 878 3220 enim
890 3176 1004 3234 consolatio
1015 3179 1057 3237 est,
1071 3196 1110 3227 ceu

249 3233 373 3283 recordare,
389 3233 471 3289 etiamst
482 3234 540 3291 secur
556 3236 674 3288 acciderit,
691 3238 852 3284 tetameuredle
867 3239 959 3300 '‘⁰¹42“
973 3242 1064 3307 [κως.
1088 3247 1110 3289 ln
1136 3232 1140 3251 t

209 3350 214 3355 .
248 3292 353 3353 sequenti
365 3307 443 3342 autem
454 3294 567 3342 sententia
577 3298 615 3342 ille
627 3297 697 3355 consul
710 3298 734 3346 ir
752 3301 806 3343 hune
821 3300 971 3358 consularem,
1002 3303 1034 3352 ad
1045 3319 1109 3353 unun

249 3354 391 3403 Ciceronem
403 3357 427 3404 δι
439 3358 476 3402 ille
487 3359 512 3406 δι
522 3362 576 3403 lunc
586 3357 671 3408 debent
683 3359 770 3411 referri
803 3363 862 3409 Non
874 3363 991 3415 miramur
1003 3400 1010 3421 ,
1026 3367 1109 3428 inquit,

248 3417 391 3467 Ciceronem
401 3415 501 3470 refillere
512 3423 628 3474 Antonio.
661 3420 689 3473 ld
700 3423 766 3473 enim
782 3420 812 3473 ab
827 3424 934 3477 illo'uon
945 3427 1025 3481 sulum
1073 3429 1109 3481 llu-

1051 3505 1103 3548 atur,
