2296 3900
243 110 325 196 ¹984
427 108 566 177 Lrnra
608 66 1006 179 Sextusnncvrrua

241 242 319 293 oum
341 241 426 283 roo:
454 224 530 283 addis
557 223 626 281 mibi
655 221 790 283 scribendi
816 219 996 281 alacritatem.
1035 218 1120 299 Quod

60 361 65 368 ,
103 294 220 373 srrditir
241 298 359 360 Erotem
375 310 433 360 non
455 300 511 359 fine
534 298 698 360 munusculo
720 299 877 375 exspeclare
890 298 994 369 ⁸dicia¹
1014 300 1139 375 gaudeo'

102 363 156 408 ⁴¹¹¹·
243 394 302 435 non
324 376 447 437 fefellisse
470 396 531 436 earn
554 395 613 435 rem
635 378 802 451 opinionem
823 388 926 434 tuam:
960 374 1008 435 sed
1028 392 1118 433 tamen

120 454 196 529 dears-
243 451 319 511 idem
333 458 479 521 σύνταγμα
493 453 552 512 mifi
567 454 601 511 ad
614 465 642 511 tc
663 453 831 511 retrac'ratius
846 494 857 521 ‚
883 454 914 511 δε
928 453 1048 529 quidem
1061 454 1119 518 tte-

92 516 233 579 *stmffi
244 534 369 599 χέτνπον
383 532 470 606 ipsum
488 573 496 599 ,
517 531 615 588 crebris
641 530 711 587 locis
730 530 901 587 inculcatum
924 530 956 587 ὃ(
978 528 1119 587 resectum.

241 606 317 665 hunc
332 621 365 666 tu
378 610 505 667 tralatum
526 609 556 665 in
577 606 769 665 macrocolum
794 606 892 681 rilege
907 606 1014 665 arcano
1029 608 1117 665 convi-

242 682 285 739 vis
297 685 364 742 tuis:
387 685 449 753 sed,
470 684 551 743 sime
570 700 671 750 amas,
707 683 798 741 hilaris
831 684 863 739 &
883 682 959 741 bene
980 684 1116 758 acceptist

244 775 281 816 ne
303 761 332 817 in
355 778 402 818 me
422 762 595 820 stomachum
618 772 789 833 erumpant,
816 757 881 816 cum
905 757 960 817 smt
988 760 1040 817 tibi
1058 761 1117 819 irati.

99 836 217 887 erudivi·
245 834 292 893 De
300 836 439 897 Cicerone
459 838 544 896 velim
555 838 593 895 ita
607 835 655 905 sit,
682 849 713 894 ut
735 836 894 893 vaudinus.
935 836 985 893 De
1005 836 1115 895 Xenone

96 914 151 951 ”¹¹¹³
161 904 211 951 “³¹'-
247 928 343 969 coram
358 914 540 989 cognoscam:
561 930 733 989 quamquam
748 911 819 970 nihil
833 913 869 969 ab
883 929 921 969 eo
945 912 1063 971 arbitror
1074 932 1115 971 ne·

95 1011 113 1045 x
127 1001 201 1048 uxore
246 1005 301 1062 que
316 989 506 1065 indiligenter,
526 1007 618 1065 neque
631 988 803 1048 illiberaliter.
855 988 904 1046 De
926 990 1114 1048 ¹Hcrodeia·

94 1062 145 1108 alti.
246 1066 336 1135 ciam,
356 1079 387 1124 ut
402 1067 529 1125 mandas:
551 1069 581 1124 &
595 1082 645 1132 ea,
665 1083 730 1141 quae
748 1064 861 1132 scribis,
889 1082 928 1123 ex
951 1065 1068 1141 Saufejo
1088 1070 1112 1125 ἃ

95 1150 199 1215 yfmne
247 1137 262 1197 ὲ
278 1141 397 1201 Xenone
412 1144 587 1219 cognoscam.
625 1142 672 1200 De
687 1144 726 1217 Q.
740 1141 818 1199 rillio
844 1140 960 1215 gaudeo
985 1143 1036 1201 tibi
1049 1160 1112 1202 mear

92 1218 146 1267 atii.
242 1217 343 1277 litteras
358 1220 428 1294 prius
442 1220 458 1278 ‘a
472 1219 611 1279 tabellario
625 1235 709 1287 meo,
729 1217 816 1295 quarn
830 1218 865 1275 ab
882 1218 945 1292 ipso
960 1260 971 1287 ,
991 1218 1110 1288 ¹redditas:

242 1304 451 1373 taquamquam
465 1312 493 1356 re
507 1297 575 1356 nihil
588 1289 732 1356 fefellisset.
768 1306 986 1358 verumtamen.
1012 1295 1112 1432 fedei*

1025 1390 1056 1449 Pe
1079 1392 1109 1443 ⁰2

273 1583 283 1622 3
288 1584 310 1623 3·
327 1572 379 1630 Lege
389 1576 412 1622 in
423 1574 534 1627 .Arcano.]
549 1570 585 1618 sic
595 1568 683 1620 habent
695 1582 780 1618 omnes
790 1568 842 1618 libri
853 1572 963 1634 vulgati,
983 1568 1106 1635 quibem

239 1629 389 1680 consentiunt
404 1634 495 1695 aliquot
513 1630 617 1684 manusc.
635 1634 673 1683 sed
689 1633 764 1682 codex
781 1632 883 1683 Turnats.
901 1638 928 1683 δε
941 1634 1054 1683 nonnulli
1074 1632 1109 1683 elii

240 1707 292 1741 non
301 1694 389 1742 habent
399 1693 609 1760 praepositionem,
626 1702 670 1744 in.-
686 1697 711 1745 u't
722 1695 821 1745 sortasse
836 1712 890 1745 non
908 1696 937 1745 sir
957 1697 1031 1745 nimir
1045 1694 1109 1747 absur-

239 1754 311 1812 dum,
325 1757 391 1820 quod
403 1775 416 1807 a
428 1760 519 1807 carino
533 1758 705 1822 scriptumest,
720 1776 816 1817 ercam,
839 1758 877 1808 hic
895 1759 1006 1823 politum
1021 1758 1065 1809 esse
1073 1774 1108 1824 pro

236 1833 329 1870 arcane.
363 1835 409 1886 ego
419 1836 501 1870 tamen
512 1820 596 1884 sequor
614 1824 742 1887 vulgatos,
764 1836 790 1871 ut
809 1832 953 1881 Arcanum,
969 1822 1068 1872 fundum
1081 1828 1107 1889 Q

235 1878 315 1932 fratris
333 1887 454 1948 accipiam.
477 1890 576 1935 mantin.
606 1891 659 1949 Lege
682 1892 800 1944 Arcana]
824 1887 923 1951 vulgati
945 1886 1003 1937 libri
1024 1885 1108 1935 liabent.

237 1950 291 2007 Lege
301 1951 325 1993 in
335 1965 430 2003 arcano,
449 1962 473 1995 ut
489 1947 517 1995 fit
533 1947 597 2010 quflfi
614 1950 638 1996 in
656 1947 809 2005 Tusmlano,
825 1952 957 2007 Curnan03
978 1965 1035 1999 nam
1047 1956 1109 1997 Atta·

238 2023 297 2056 num
309 2008 395 2059 fundus
405 2018 437 2072 Q.
449 2012 540 2066 fratris,
555 2012 584 2058 de
595 2026 645 2075 quo
654 2011 716 2060 infra
728 2027 764 2074 cp.
777 2027 799 2065 9.
833 2012 877 2060 Sed
895 2011 1051 2076 manuscripti
1065 2014 1110 2075 qui·

238 2086 286 2135 qne
296 2075 381 2136 oprimi
391 2073 581 2139 praepositionem
597 2080 619 2121 in
631 2077 764 2129 onrittunt,
783 2072 921 2137 quibuscum
939 2077 1059 2125 consentit
1070 2079 1109 2123 cr·

240 2134 307 2184 tilius
318 2136 387 2186 lib.r.
411 2137 449 2185 ubi
466 2137 501 2185 bis
516 2138 622 2185 observat
639 2140 782 2187 Ciceronem
798 2138 836 2185 bic
853 2140 966 2200 usurpare
984 2139 1110 2187 adverbium

242 2198 351 2254 arcano,
367 2215 417 2262 quo
428 2201 510 2249 iridem
522 2202 593 2249 utitur
602 2198 678 2249 casn
691 2200 731 2251 lib.
744 2216 762 2249 r.
781 2199 811 2249 de
821 2201 891 2248 Bello
903 2202 990 2251 Civili.
1009 2208 1090 2267 s’epma.

274 2278 311 2319 ³4·
327 2264 463 2326 Qanquam
486 2278 506 2309 te
522 2266 580 2309 nihil
590 2264 721 2323 fefeliiffm
752 2279 901 2311 verumtamen
925 2266 1043 2324 exsbesso,
1061 2268 1111 2323 &al

239 2326 337 2372 Veteres
350 2325 458 2379 codices,
469 2327 509 2385 sed
524 2316 632 2386 expello,
648 2326 755 2383 habent,
772 2340 844 2386 quam
861 2327 998 2377 lectionem
1014 2326 1110 2392 probari·

240 2401 308 2443 mue,
322 2400 347 2434 ut
358 2405 509 2443 veruntamen,
525 2404 555 2436 eo
566 2387 692 2453 quo'suprit
704 2389 835 2460 significatu
846 2387 905 2452 sepe
920 2391 936 2438 ὲ
949 2394 1109 2440 Ciceronem·

240 2450 286 2514 cipi
302 2449 440 2507 docuimus,
452 2451 490 2500 hic
500 2454 572 2501 etiam
585 2452 703 2515 sumptum
720 2456 756 2501 nr.
779 2452 925 2501 ostendimus
942 2468 1028 2503 aurem
1044 2452 1109 2503 ldlib

240 2527 293 2561 xlv.
309 2512 334 2562 in
346 2528 376 2561 co
393 2515 462 2564 ioco:
480 2518 527 2562 Scir
545 2516 612 2579 quim
628 2517 719 2577 diligam
737 2519 835 2571 anulos,
850 2519 877 2568 θ’
893 2517 966 2579 queim
979 2520 1109 2564 firmetur

236 2578 304 2623 telem
313 2577 417 2632 honestam
427 2581 538 2638 jndicem:
554 2580 624 2624 rnnlte
636 2580 685 2624 illis
701 2580 779 2639 teser,
795 2595 861 2640 neque
871 2596 905 2625 ene
918 2584 995 2626 invite
1007 2614 1016 2634 ‚
1030 2582 1067 2639 etfi
1074 2584 1110 2627 Ia·

238 2642 317 2685 vinitas
335 2655 381 2687 erne
401 2659 441 2687 non
458 2636 567 2701 firendnt
588 2655 735 2690 veruntamen.
768 2646 820 2688 Ecce
834 2656 905 2688 nutem
924 2648 1059 2700 Antonine,
1071 2646 1110 2695 dv.

240 2703 288 2751 llic
299 2716 452 2760 autemeam
465 2703 487 2752 se
497 2702 597 2768 gaudere
609 2701 701 2752 dixisset
712 2704 748 2753 illi
758 2708 808 2752 luas
823 2705 912 2753 litteras
919 2706 980 2753 anr'e
992 2704 1007 2753 a
1021 2704 1111 2755 tabella·

239 2766 278 2814 tio
288 2765 391 2815 redditas
401 2766 473 2829 quam
484 2767 497 2815 a
510 2768 600 2827 Quinto
613 2770 639 2815 F.
656 2766 714 2826 (illae
729 2768 794 2815 enirn
811 2771 918 2815 Atticum
938 2768 1111 2823 admonebant.

241 2842 273 2875 nc
282 2829 384 2878 crederet
396 2830 480 2878 lirteris
492 2828 547 2885 liris,
562 2843 620 2890 quas
629 2830 669 2894 Q
678 2843 733 2893 puer
745 2828 773 2876 ad
787 2845 842 2877 eum
857 2832 973 2879 allaturus
990 2846 1044 2881 erar
1057 2866 1066 2889 ,
1079 2844 1111 2879 eat

239 2890 338 2940 enimse
353 2891 465 2964 arbitratu
482 2893 545 2940 illius
553 2894 680 3002 ¹{tetrisque
694 2889 802 2954 scriptiss'e
813 2909 820 2939 r
830 2908 881 2959 ,nec
893 2909 1048 2969 magnopere
1063 2894 1111 2951 illia,

239 2953 550 3082 litttllt‘blss‘llla,
566 2954 1111 3082 slltbstttllltttttlnsltt‘tt

240 3092 323 3128 tamen
333 3081 357 3129 id
369 3080 458 3143 aliquid
467 3079 617 3130 incommodi
628 3081 755 3129 allaturum
766 3081 844 3131 fuerit.
867 3082 935 3143 quod
955 3083 1058 3146 pulclu'e
1072 3080 1111 3147 ipse

239 3143 440 3193 animadversurus
450 3142 519 3200 esset,
536 3146 727 3207 cogitaturuaque
737 3143 760 3192 se
776 3145 822 3193 boc
838 3146 929 3207 petenti
946 3160 1025 3210 praeco
1035 3158 1112 3211 negare

241 3206 395 3267 (quominus
410 3206 495 3256 scilicet
511 3208 573 3255 illius
590 3206 715 3270 probitatis
731 3205 829 3271 sponsor
839 3206 902 3271 apud
914 3211 1029 3259 Atticum
1042 3208 1112 3269 lietu)

241 3282 295 3315 non
320 3266 423 3318 otuiffe:
438 3283 579 3319 nontamen
597 3282 621 3318 ut
638 3268 664 3317 id
680 3285 711 3318 ex
727 3272 829 3325 auimo,
845 3272 957 3333 &quod
972 3273 1008 3321 ita
1026 3270 1112 3321 sentiret

239 3282 376 3400 seripierir,
396 3331 419 3380 se
431 3332 543 3396 sperare,
564 3347 670 3396 unquam
692 3334 762 3382 illurn
779 3332 922 3383 creditum
939 3334 1030 3393 fuisse,
1045 3334 1113 3399 quot,

216 3403 219 3410 ·
328 3392 393 3442 malle
404 3394 435 3442 de
475 3410 517 3443 ero
528 3398 574 3445 illo
583 3395 729 3445 existimaret
740 3430 747 3453 ,
757 3395 831 3447 sciret.
847 3397 934 3447 intulit
945 3410 1032 3448 autem
1041 3416 1114 3447 vernn·

197 3390 334 3582 ’‘sse
353 3454 420 3521 quasi
454 3454 523 3511 'cuer
538 3492 547 3525 ,
565 3459 874 3526 Quamqrumspercmmc
887 3476 943 3516 nou
956 3460 1035 3517 saule
1045 3460 1116 3593 ἀῗοξ

57 3425 194 3648 f.
