2296 3900
205 116 286 185 '1618
401 106 592 182 Lista
634 93 919 178 Dreinos

207 228 305 287 omnia
318 226 410 288 adhuc
423 228 499 288 tarda
514 229 544 287 &
563 223 648 303 spissa.
687 228 729 285 Ut
750 227 823 285 male
837 224 982 300 posuimus
996 222 1086 293 initiai

59 325 75 362 ι
89 310 186 375 sequen·
207 302 245 362 sic
260 315 351 363 cetera
365 305 539 383 *lequuntur
558 303 704 364 7Formias
718 320 793 363 nunc
806 303 964 378 sequimur,
985 299 1094 379 eidem¹

18 426 25 431 .
60 377 158 426 turatii.
209 398 260 439 nos
275 377 383 440 fortasse
398 384 477 441 furiae
491 381 695 458 persequentur.
723 399 758 438 ex
780 379 854 438 Balbi
869 392 965 437 autem
981 376 1087 436 sermo-

210 475 265 525 ne,
284 476 369 534 quem
390 471 486 519 tecum
507 459 601 516 habuit
617 488 626 528 ς
645 456 726 514 ⁸non
746 457 894 531 probamus
915 453 952 512 de
978 454 1086 512 Melita
1110 462 1114 479 ¹

62 551 78 600 b
102 532 317 602 habemdubitas
336 535 435 610 igitur,
474 535 522 593 uin
542 553 594 594 nos
615 538 645 594 in
663 533 784 591 hostium
809 548 928 590 numero
944 527 1086 589 bhabeat?

61 618 116 668 MS.
211 608 300 686 scripsi
314 612 445 688 equidem
454 554 564 681 (salbo,
583 624 611 671 te
633 610 668 670 ad
691 628 739 669 me
758 610 793 669 de
814 606 1085 760 benivolentiapffi·
1109 696 1114 791 ι

1077 716 1084 755 r

209 853 291 904 Bolius
302 872 331 906 ex
349 861 457 911 oratione
466 856 528 908 bene
544 856 670 907 constituta
685 856 743 907 facit
754 868 835 907 arenas
851 853 940 903 solutas
957 854 985 903 Β(
997 850 1080 907 fiteas'.

211 933 285 981 quum
301 921 396 985 vulgata
412 920 531 979 iustissime
547 921 659 986 procedat
677 923 703 970 δι
725 920 817 969 causam
838 918 929 967 timidae
952 915 1080 981 scriptionis

208 978 308 1090 ἕξεται,
324 999 397 1049 quam
409 983 465 1034 ideo
480 1000 532 1035 non
547 984 621 1034 moui.
641 986 682 1035 Tu*
699 985 746 1033 irus
760 986 808 1046 iam
828 996 892 1031 certe
906 994 994 1046 parata
1011 992 1079 1030 maor.

232 1062 307 1096 ronov-

244 1125 266 1165 7.
283 1112 363 1157 Furias
373 1110 564 1173 nuucsequimur.1
583 1113 660 1159 Locus
673 1106 733 1158 adeo
746 1106 873 1163 obscurus,
896 1119 924 1155 ur
942 1105 1018 1155 abeo
1033 1106 1079 1163 ita.

212 1168 1079 1298 liblllllslslsslisslllsrisibilius&

721 1269 728 1291 ‚
827 1269 833 1281 .

214 1269 378 1347 mutatio’non
388 1300 478 1363 aperiat
488 1297 629 1347 sententiam
639 1314 689 1363 qua
700 1297 763 1346 tesia
779 1296 819 1347 eli.
851 1298 877 1345 in
892 1312 918 1345 re
933 1309 990 1345 tam
1000 1298 1089 1345 incerta·

212 1372 254 1410 eur
265 1376 315 1410 non
326 1364 403 1424 potius
417 1364 466 1410 anti
485 1376 518 1411 uz
534 1360 647 1425 scripturae
661 1362 735 1410 fidem
750 1360 867 1416 habeam,
884 1359 962 1423 quam
978 1360 1077 1408 nova&

213 1422 312 1474 fortasse
322 1425 448 1488 inquinata
458 1377 487 1474 αἱ
499 1424 643 1489 aliquo‚qui
655 1426 756 1473 omnino
767 1423 822 1472 hinc
832 1423 904 1473 r'ellet
915 1424 1027 1488 aliquam
1034 1421 1078 1471 seu·

213 1487 316 1537 tentiam
327 1502 417 1536 eruere:
434 1489 460 1538 &
476 1488 537 1535 hanc
554 1502 584 1536 ex
600 1487 747 1552 sequentibus
762 1486 836 1535 verbis
849 1521 857 1543 ,
870 1486 911 1537 ubi
921 1486 954 1535 de
963 1486 1032 1535 fortiis
1041 1485 1079 1535 ser·

214 1564 258 1599 mo
268 1548 313 1607 est,
331 1551 512 1615 excogitaverlti
529 1549 578 1599 Etfi
590 1552 615 1599 in
626 1551 716 1600 eisdem
726 1548 790 1598 libris
800 1553 899 1598 nulnero
915 1551 1001 1614 potius
1010 1549 1078 1596 unita·

215 1613 265 1671 tis,
281 1614 353 1660 eadem
364 1630 400 1661 nos
411 1614 499 1675 tortaffe
509 1613 576 1670 furia
589 1615 693 1679 legatur:
710 1613 806 1661 verbum
819 1626 915 1671 tamen,
928 1614 1000 1677 quod
1012 1611 1078 1677 sequi·

108 1696 115 1711 ·
214 1686 271 1733 mr,
287 1675 462 1725 multitudinem
472 1691 517 1741 pra
528 1674 551 1724 se
560 1678 619 1734 sert,
636 1680 662 1726 δι
673 1678 698 1725 in
712 1676 825 1740 prioribus
836 1676 912 1725 verbis
922 1676 1044 1740 postulat,
1056 1686 1077 1724 ιι

214 1752 255 1789 aut
266 1739 380 1789 mendum
389 1740 487 1803 aliquod
499 1738 570 1799 infit,
586 1753 625 1789 aut
637 1742 737 1805 septimo
749 1742 774 1788 δι
790 1754 840 1787 non
855 1741 935 1803 primo
953 1740 1011 1789 casu
1027 1736 1079 1787 sum

213 1803 289 1869 accipi
302 1802 395 1854 debeat.
426 1802 488 1852 amir
502 1803 572 1868 igitur
588 1802 708 1852 adfirmo:
735 1805 817 1851 omnia
832 1815 913 1850 aurem
933 1817 999 1851 nota
1014 1802 1079 1852 saure

213 1867 293 1922 volui,
309 1869 352 1930 qui
361 1880 436 1924 eum,
452 1866 494 1931 qui
508 1881 566 1915 uerae
582 1866 691 1916 sessionis
704 1863 847 1914 restituenda
861 1863 982 1914 sollicitus
993 1865 1021 1915 sit
1032 1898 1040 1922 .
1052 1866 1079 1925 ju·

213 1938 269 1979 vare
279 1930 374 1994 poffinl.
393 1932 470 1979 Vislur.
502 1932 600 1978 formias
610 1948 663 1978 nuuc
672 1930 805 1994 sequimur]
819 1926 905 1986 idest,
920 1930 969 1978 iter
982 1928 1077 1978 nostrum

215 1990 262 2042 lsoc
275 2005 323 2042 rem
342 2009 383 2043 ore
392 1991 424 2042 stc
441 1992 600 2049 inslituimus,
620 2007 646 2042 ut
663 2006 770 2057 petamus
789 1992 912 2049 Formias,
933 1992 996 2041 ind'e
1016 2004 1079 2056 quam

214 2009 1082 2182 astutissimus:alirlraluaizrlrrams

762 2154 770 2177 ³
1116 2146 1120 2163 Ι

216 2181 279 2230 rebla
289 2197 315 2230 ac
327 2182 413 2247 probas
429 2184 548 2239 Formias,
563 2184 654 2246 inquit,
668 2197 731 2229 nunc
747 2183 866 2247 petimus3
891 2180 952 2233 iude
969 2182 1079 2247 quampri-

217 2256 284 2291 mum
294 2245 437 2308 navigaturi:
454 2243 503 2309 qub
514 2243 611 2295 sortasse
621 2243 745 2294 Casariani
756 2245 860 2294 custodes
872 2246 898 2293 &
909 2240 1078 2313 corycaeiqui

216 2304 281 2354 furia
292 2321 336 2354 nos
346 2305 517 2370 persequentur.
550 2305 647 2358 Solviffe
661 2320 740 2356 autem
757 2310 900 2359 Ciceronem
913 2312 1023 2358 Formiis
1035 2322 1079 2359 orn

216 2368 370 2443 iuGraciam
386 2368 416 2417 ad
434 2372 571 2434 Pompeium
586 2371 789 2445 prolicil'oeretur,
814 2370 903 2421 indicat
927 2370 1078 2449 Coeliuslir.

216 2431 1080 2567 llbt‘asslllllmnissizlilllzs‘qlsslsalsllssmb

218 2573 273 2604 nuuc
296 2562 396 2622 equimur
405 2559 500 2610 Balliol.
512 2563 537 2610 bt
549 2561 648 2610 Helmst.
667 2565 698 2610 Et
710 2559 743 2608 esi
754 2561 845 2610 locutio
855 2560 958 2623 elegans
965 2564 1033 2629 sequi
1044 2566 1079 2611 hu
1107 2578 1110 2587 ·

214 2631 260 2677 pro
271 2634 357 2685 petere.
375 2621 426 2671 Cic.
438 2637 484 2673 111.
500 2623 531 2673 ad
546 2625 618 2675 Attio.
632 2631 668 2675 16.
689 2627 717 2670 m·
726 2624 774 2688 spes
789 2628 849 2680 erit,
865 2628 984 2685 Epirum,
995 2628 1032 2688 ſsu
1045 2628 1080 2675 ni·

217 2700 271 2740 nus,
288 2689 410 2745 Cyzicum,
427 2699 466 2734 uua
481 2687 544 2735 uliud
557 2690 611 2751 quid
627 2689 747 2752 scquemur.
765 2685 805 2735 lib.
819 2703 854 2737 ru.
876 2685 908 2734 ad
924 2692 997 2741 fam.
1009 2708 1033 2744 2.
1058 2696 1078 2739 la

216 2761 258 2855 ro
270 2751 355 2811 reliqua
365 2749 452 2795 videtur
467 2750 505 2809 effe
519 2752 660 2807 deliberacio,
681 2751 737 2814 quod
751 2751 861 2807 confilium
875 2754 899 2797 in
915 2754 1027 2814 dt'sceffit,

228 2811 397 2873 consequamur.
415 2812 497 2874 virgil.
510 2827 529 2862 1.
541 2818 592 2862 AEn.
609 2815 699 2860 Italiam
709 2814 821 2876 sequimur
829 2814 952 2876 fugientem
970 2818 1000 2868 ab·
1016 2768 1080 2865 vag:
1104 2828 1108 2842 ··

216 2875 347 2925 mutandis.
364 2874 426 2924 Flor.
438 2887 476 2929 ιι,
489 2889 524 2925 ua
544 2877 595 2940 Qr‘
604 2877 769 2941 (Gallograci)
784 2878 863 2923 Br'ennu
879 2878 935 2924 duce
949 2880 1079 2939 vastam
1106 2864 1111 2913 ῗ

217 2938 342 2994 Gratiam,
367 2955 418 2986 mox
433 2941 532 2985 orientem
542 2942 613 3000 ficari
627 2943 650 2985 in
666 2942 737 2986 media
753 2940 815 2998 ,Astu
829 2954 889 3003 purte
899 2942 1018 3001 fiderunt.
1034 2950 1079 2993 An·

124 3038 128 3044 .
217 2995 278 3050 bros.
290 2999 360 3051 liba.
384 3002 409 3049 in
425 3005 480 3049 Luc.
497 3016 547 3066 cap.
560 3018 598 3052 22.
621 3007 664 3049 Hic
679 3018 725 3064 ergo
742 3002 854 3065 eApostoli:
868 3008 1080 3075 mundatusque
1106 3016 1109 3025 ·

217 3060 271 3119 dur,
288 3054 513 3115 hocestadermtsus.
547 3064 886 3128 Deoccursuenimloquitur.
901 3072 1021 3122 Gravius.
1049 3060 1080 3121 ᾱ·
1111 3066 1114 3071 '

217 3126 310 3173 eeroois
326 3125 413 3176 credidi
429 3126 475 3176 effe
490 3126 632 3192 vulgatum,
649 3131 674 3179 δι
690 3129 775 3177 retinui
791 3130 829 3178 vel
843 3144 967 3183 monente
982 3126 1080 3199 patred

218 3189 539 3252 Senecaeepislolamuxxvr.
573 3197 668 3243 Gronov.
971 3192 975 3198 '

218 3252 1084 3383 alllasul?alilislsrllnssrlrrussllrrt‘talus

218 3372 276 3423 facit
289 3373 485 3441 cusamquudfi
505 3380 599 3430 nificavi
608 3382 683 3432 mein
693 3382 780 3434 Molita
794 3381 869 3433 insula
879 3386 1083 3451 expenemdvil'r

219 3435 442 3493 bellimorarumm.
492 3445 635 3502 sistrum.

1039 3516 1086 3571 ia!
