2296 3900
83 141 864 232 Earsr.nonrrrcurr.154t

39 299 44 327 ‚
64 257 94 316 ὅτ
110 273 161 331 age
176 255 211 315 de
228 254 304 331 pace.
344 274 473 328 meone,
492 259 633 335 inquam,
653 258 807 319 arbitratu?
827 279 884 322 an-

42 377 51 404 ,
70 334 177 409 inquit,
198 351 252 408 ego
266 333 461 409 praescribam?
481 334 536 404 sic;
558 336 672 412 inquam
684 347 811 412 uagam,
825 338 866 397 se·

39 411 141 469 tinon
165 409 272 485 placere
294 413 322 470 in
354 411 498 487 Hispanias
519 413 576 482 iri,
596 429 649 470 nec
672 415 806 472 exercitus
833 415 863 476 in

39 488 127 545 eciam
141 489 335 561 transportari;
357 489 498 565 multaque
507 528 523 557 -,
544 489 677 576 inquam,
697 488 749 548 rde
772 488 863 552 Cnaeo
879 491 978 560 rdiam

39 563 148 622 sorabo.
187 564 327 632 tamisie,
348 562 402 640 ego
418 562 485 622 vero
499 564 546 622 ista
568 566 623 624 drci
643 565 720 625 nolo.
758 567 795 626 ita
809 586 860 644 pu·
880 555 943 622 depr.
953 561 1004 606 ‘¹5⁸'-

39 658 98 708 rm,
118 641 233 714 inquam
251 660 258 697 ε
277 639 324 698 sed
344 658 397 715 ego
420 639 474 699 ⁸eb
497 642 565 699 nolo
586 639 700 711 adesse,
720 642 798 720 qubd
818 656 865 704 aut
879 666 890 698 s
906 652 927 699 ei
940 654 995 703 arti.

40 716 111 774 mihi
132 714 161 756 ⁸2
170 716 321 775 dicendum
341 717 379 775 est
395 759 403 786 ,
417 717 567 794 ⁴multaque
588 735 653 794 quae
675 719 753 778 nullo
775 719 862 779 modo
879 729 925 777 ego
936 729 967 763 ⁶0
1047 737 1049 743 ·

39 790 96 850 sem
111 790 205 862 silere,
225 791 244 849 fi
259 789 394 860 adessem;
416 807 463 852 aut
477 812 536 852 non
551 794 730 854 veniendum.
757 796 864 856 summa
877 781 950 826 ⁶¹⁴⁹·
1007 839 1008 842 η

39 889 67 937 z,
103 879 133 925 ut
152 867 196 926 ilie
221 869 295 945 quast
324 873 430 929 exitum
471 888 578 942 uaerens
599 914 607 940 ,
627 883 658 928 ut
678 871 866 933 deliberarem.

39 963 90 1005 ron
112 943 163 1002 fuit
187 946 352 1020 negandum.
391 947 429 1006 ita
452 889 631 1006 discessimus.
670 948 754 1006 credo
782 952 864 1025 igitur

39 1039 68 1078 rc
83 1037 200 1080 menon
216 1040 316 1080 amare.
355 1036 382 1081 at
403 1039 457 1098 ego
479 1040 527 1081 me
542 1025 674 1091 tamavi;
695 1025 773 1101 quod
794 1027 863 1085 mihi
878 1036 888 1071 t
906 1020 994 1073 amabo

39 1116 50 1154 r
66 1096 172 1172 pridem
186 1098 234 1156 usu
248 1117 307 1157 non
323 1100 409 1158 venit.
447 1099 567 1176 reliqua,
589 1098 608 1159 b
630 1100 690 1168 dii,
710 1103 758 1176 qui
774 1104 865 1162 comi·
880 1090 934 1138 MS.

39 1192 62 1233 rs
80 1178 86 1230 !
107 1171 225 1249 8⁴quae,
246 1188 276 1233 ut
291 1187 322 1232 tu
336 1175 403 1234 soies
424 1175 540 1246 dicere,
561 1175 668 1234 tenuia!
690 1179 719 1234 in
740 1193 867 1253 quaerat

39 1251 208 1323 ipodenlleti.
247 1249 340 1327 drerp
360 1253 517 1326 perditam!
539 1250 558 1312 ὂ
581 1255 675 1328 copias
698 1253 864 1328 desperatas!

39 1326 112 1405 [uid,
133 1325 211 1404 qubd
232 1328 319 1387 Servii
339 1326 408 1388 filius
428 1327 440 1388 ?
461 1326 539 1407 quod
560 1327 687 1390 Titinii?
707 1327 735 1384 87
744 1344 814 1408 quot
826 1352 865 1471 pp

856 1426 868 1470 s

42 1611 64 1645 2.
83 1594 203 1641 Dicendum
213 1595 255 1655 ast,
270 1606 309 1640 aur
318 1612 358 1642 non
367 1594 516 1652 veniendum]
530 1594 607 1645 Verba
616 1593 666 1644 haec
675 1603 714 1642 aar
725 1612 765 1643 aton
774 1598 864 1644 uenim-

39 1676 64 1712 ι,
78 1670 196 1720 ponuntur
207 1659 279 1722 vulgo
290 1658 341 1722 post
353 1660 408 1719 illa,
422 1659 499 1715 filare,
512 1658 531 1716 fi
544 1661 640 1720 adessem.
674 1659 760 1708 eserie.
955 1714 958 1721 ‚

39 1731 67 1775 :³-
83 1727 131 1766 Non
139 1721 184 1775 fuir
195 1723 331 1782 rogandum]
345 1725 397 1771 Nos
409 1736 462 1769 cum
473 1721 576 1786 antiquis
590 1753 597 1777 ,
619 1737 660 1768 non
672 1721 720 1780 fuit
736 1723 866 1784 negandum,
1037 1738 1043 1761 r

39 1785 110 1833 imus:
124 1781 273 1830 constituerat
286 1785 391 1833 omuino*
400 1784 445 1834 boc
454 1782 489 1832 nli
500 1785 585 1833 Cicero
596 1781 672 1833 liberie
679 1798 766 1848 negare
776 1819 784 1842 ,
797 1784 866 1849 quod

39 1861 79 1894 ren
96 1843 224 1895 mosenum
239 1848 264 1894 δι
281 1844 435 1910 periculosum
449 1858 508 1894 etat.
540 1860 612 1909 quum
629 1859 708 1894 autem
724 1848 771 1896 hoc
788 1847 866 1898 caesar

39 1903 235 1973 npetspexisser,
253 1921 277 1955 ut
288 1907 453 1957 honestiorem.
463 1907 537 1956 finem
552 1909 655 1957 sermoni
672 1910 822 1971 imponeret,
838 1923 864 1959 ut

39 1971 136 2020 iberaret
146 1973 226 2083 petiit.
247 1986 319 2034 quate
334 1973 420 2020 Cicero
436 1969 541 2035 gaudens
557 1968 749 2020 commodiorem
762 1974 867 2029 exitum,

39 2039 70 2082 tm
82 2032 145 2098 spera
163 2046 206 2089 at,
222 2032 355 2084 sermonem
372 2035 441 2083 iilum
457 2031 579 2088 habuisse,
601 2042 648 2082 Non
665 2033 714 2092 fuit
731 2037 867 2098 aagendam,

40 2097 82 2145 uit.
101 2106 127 2144 rn
143 2097 298 2157 antecedente
313 2096 386 2147 etiarn
401 2095 518 2161 epistola:
534 2102 592 2160 Ergo
605 2101 625 2145 ei
635 2097 766 2158 negaram,
776 2103 868 2163 inquit?

39 2159 62 2208 rsr
73 2160 149 2217 dicat,
165 2161 211 2211 boc
226 2160 330 2211 nonnisi
342 2176 396 2210 cum
406 2160 509 2223 periculo
520 2159 572 2209 sieri
582 2158 665 2223 potest.
700 2163 777 2211 Venor.

39 2235 67 2283 14.
85 2227 141 2290 Qae
155 2236 179 2271 ur
190 2238 214 2270 tu
223 2226 277 2282 soles
288 2226 357 2272 dicere
370 2223 473 2281 titulun]
489 2223 525 2271 Sic
536 2224 618 2272 locum
629 2221 769 2272 restituimus
779 2224 870 2274 auxilio

39 2288 124 2335 [iorum
135 2285 258 2343 codicum,
273 2289 297 2334 in
309 2288 391 2351 quibus
410 2285 485 2335 adhuc
502 2284 550 2334 bac
567 2301 615 2335 vox
632 2289 713 2335 Graeca
730 2289 868 2344 inuenitur,

51 2347 171 2414 imperitii
181 2349 329 2399 librariorum
339 2350 513 2411 aliquantulum
523 2351 659 2415 inquinata,
675 2364 725 2397 non
740 2363 822 2400 tamen
834 2352 868 2399 ita

39 2426 148 2461 totanon
160 2414 315 2475 agnoscaturz
333 2428 389 2461 nam
407 2412 463 2463 ante
479 2415 552 2462 etiam
569 2411 625 2462 ciam
640 2412 685 2460 hac
701 2413 806 2463 dieiioue
816 2414 869 2462 usus

39 2487 74 2532 et,
90 2488 115 2524 ur
125 2473 156 2522 de
168 2477 266 2527 nomine
276 2477 338 2540 prius
348 2475 377 2524 ab
389 2477 470 2527 Attico
483 2477 508 2525 ἀ
519 2475 577 2539 sape
593 2473 702 2538 usurp-rto
717 2477 809 2525 loeutus
823 2475 870 2525 esta

45 2539 109 2586 enim
121 2539 211 2600 inquit:
227 2540 377 2602 Quiritium
389 2534 474 2587 vanusne
491 2537 526 2602 (ut
535 2553 560 2586 ru
569 2542 672 2602 qapessas)
689 2541 771 2588 timere.
803 2537 871 2602 quod

43 2597 90 2650 esse
101 2599 184 2650 scimus
194 2617 223 2650 er
235 2601 334 2665 epistola
344 2602 399 2657 illa,
414 2602 439 2649 in
453 2615 502 2664 qua
513 2601 589 2650 multa
600 2603 655 2651 loca
665 2616 694 2650 ex
710 2601 814 2666 epistolia
828 2610 871 2648 nt-

39 2706 41 2711 .
51 2666 122 2722 citat,
140 2680 197 2714 nam
207 2668 233 2714 in
242 2680 292 2715 uno
302 2664 334 2714 ste
346 2665 461 2729 legimus:
479 2671 514 2711 Ita
525 2679 549 2712 ur
556 2666 659 2725 Μίνω
666 2667 696 2723 stt
707 2670 830 2728 Pompeius,
841 2667 869 2719 (e-

39 2727 113 2774 diteris
125 2731 218 2784 alieubi,
232 2731 285 2776 hanc
296 2727 380 2777 vervier
395 2731 512 2792 relinquas.
545 2727 607 2790 Quid
624 2743 702 2777 autern
718 2729 749 2777 de
765 2734 810 2778 boc
826 2747 873 2777 uo·

39 2805 68 2838 ne
78 2788 216 2848 sentiamus,
231 2791 288 2845 ant‘e
299 2790 409 2840 diximus.
427 2805 478 2856 quae
494 2803 575 2842 autern
590 2790 718 2856 posthanc
734 2807 821 2841 vocem
837 2791 874 2841 se·

39 2866 106 2900 untur
116 2851 200 2908 verba,
215 2853 275 2901 adeo
285 2852 425 2903 conturbata
443 2855 493 2903 sunt
509 2857 535 2903 δι
552 2852 672 2920 perversa,
690 2868 715 2902 ut
727 2870 771 2904 nus
782 2857 874 2905 redium

39 2932 48 2965 ε
65 2914 213 2971 iudicarimus
224 2917 306 2965 contri
322 2931 351 2964 ea
366 2915 483 2966 stellulam
499 2918 636 2981 adponere:
654 2919 778 2979 antiquam
794 2931 874 2968 autem

39 2982 138 3042 ipturam
157 2976 299 3040 reposuimus
315 2995 368 3027 eum
385 2979 431 3028 fide
447 2983 472 3030 δι
489 2979 529 3028 diii
547 2980 620 3030 eutii.
654 2980 720 3042 siqua
737 2982 803 3029 enim
825 2983 875 3044 sper

39 3043 72 3090 int
83 3039 229 3105 quandoque
239 3039 353 3091 sinceram
367 3041 496 3091 senionem
506 2996 635 3093 rediturum
647 3044 694 3098 iri,
732 3094 736 3107 ,
747 3042 824 3106 priscis
834 3060 876 3103 ve·

39 3107 140 3178 :iiqeatn
151 3105 250 3168 exprimi
262 3117 333 3168 atque
344 3106 393 3153 erui
406 3103 472 3168 posse
482 3105 620 3169 sperandum
632 3105 672 3154 esi.
705 3058 809 3166 gurdam
824 3125 876 3154 arca

39 3186 114 3222 erum,
132 3167 222 3230 legunt.
239 3168 279 3215 aiii
292 3184 335 3230 pro
345 3184 397 3214 arca
409 3171 515 3215 Graecam
530 3183 615 3217 vocem
628 3168 707 3222 snut,
727 3184 778 3231 quae
794 3184 878 3220 tamen

41 3248 65 3280 m
76 3229 206 3292 signifieat,
223 3244 354 3294 reponunt:
371 3231 410 3279 alii
423 3231 497 3280 etiam
510 3230 662 3286 aliismodis,
678 3246 703 3279 ut
720 3232 746 3280 fit
764 3249 817 3281 cum
835 3251 876 3283 ve·

39 3310 55 3342 rs
73 3295 168 3342 occulta
187 3293 242 3341 est:
275 3310 319 3342 nos
341 3293 426 3350 nibil,
457 3292 523 3358 quod
542 3309 632 3344 certum
648 3291 721 3351 esset,
744 3297 849 3345 videntes
865 3331 877 3356 ‚A

39 3359 133 3404 rituttrm
151 3356 257 3404 nostrum
278 3355 489 3414 conservarimus,
522 3371 546 3406 ut
568 3360 592 3406 in
607 3359 680 3407 tantis
695 3358 797 3408 tenebris
808 3361 877 3408 anti·

39 3435 102 3468 rrum
118 3419 229 3468 codicum
244 3420 322 3470 iucem
338 3453 347 3478 ‚
363 3419 405 3471 etsi
422 3420 545 3494 obscuram
560 3423 716 3479 detentioni,
734 3422 877 3476 nondimit·
931 3470 934 3477 ,

39 3497 112 3534 emus.
147 3485 213 3535 Idem.
439 3532 442 3540 ,

424 3546 515 3610 fffrr
527 3564 540 3606 ³
731 3548 753 3573 ³
783 3558 825 3607 ῖς.
838 3551 896 3597 nm
