<?xml version="1.0" encoding="UTF-8"?>
<!DOCTYPE html PUBLIC "-//W3C//DTD XHTML 1.0 Transitional//EN"
    "http://www.w3.org/TR/xhtml1/DTD/xhtml1-transitional.dtd">
<html xmlns="http://www.w3.org/1999/xhtml" xml:lang="en" lang="en">
 <head>
  <title>
</title>
<meta http-equiv="Content-Type" content="text/html;charset=utf-8" />
  <meta name='ocr-system' content='tesseract 3.04.00' />
  <meta name='ocr-capabilities' content='ocr_page ocr_carea ocr_par ocr_line ocrx_word'/>
</head>
<body>
  <div class='ocr_page' id='page_1' title='image "./marcitulliicice04pedigoog_0429.png"; bbox 0 0 2296 3900; ppageno 0'>
   <div class='ocr_carea' id='block_1_1' title="bbox 175 118 952 219">
    <p class='ocr_par' dir='ltr' id='par_1_1' title="bbox 175 118 952 219">
     <span class='ocr_line' id='line_1_1' title="bbox 175 118 952 219; baseline 0.017 -34"><span class='ocrx_word' id='word_1_1' title='bbox 175 118 952 219; x_wconf 76' lang='lat' dir='ltr'><strong>E-er¹sr.·nnllrrreun.1909</strong></span> 
     </span>
    </p>
   </div>
   <div class='ocr_carea' id='block_1_2' title="bbox 63 229 1100 1308">
    <p class='ocr_par' dir='ltr' id='par_1_2' title="bbox 65 229 949 318">
     <span class='ocr_line' id='line_1_2' title="bbox 65 229 949 318; baseline 0.015 -28"><span class='ocrx_word' id='word_1_2' title='bbox 65 229 149 291; x_wconf 82' lang='lat' dir='ltr'><strong>suam</strong></span> <span class='ocrx_word' id='word_1_3' title='bbox 166 274 176 301; x_wconf 92' lang='lat'>,</span> <span class='ocrx_word' id='word_1_4' title='bbox 193 232 315 292; x_wconf 79' lang='lat' dir='ltr'>habitam</span> <span class='ocrx_word' id='word_1_5' title='bbox 338 233 368 290; x_wconf 94' lang='lat' dir='ltr'><strong>in</strong></span> <span class='ocrx_word' id='word_1_6' title='bbox 390 234 529 293; x_wconf 90' lang='lat' dir='ltr'><strong>concione</strong></span> <span class='ocrx_word' id='word_1_7' title='bbox 551 236 731 312; x_wconf 90' lang='lat' dir='ltr'><strong>Capitolina;</strong></span> <span class='ocrx_word' id='word_1_8' title='bbox 758 243 911 318; x_wconf 88' lang='lat' dir='ltr'>petivitque</span> <span class='ocrx_word' id='word_1_9' title='bbox 933 242 949 304; x_wconf 78' lang='lat' dir='ltr'><strong>d</strong></span> 
     </span>
    </p>

    <p class='ocr_par' dir='ltr' id='par_1_3' title="bbox 67 310 1100 395">
     <span class='ocr_line' id='line_1_3' title="bbox 67 310 1100 395; baseline 0.015 -28"><span class='ocrx_word' id='word_1_10' title='bbox 67 326 138 379; x_wconf 87' lang='lat' dir='ltr'><strong>me,</strong></span> <span class='ocrx_word' id='word_1_11' title='bbox 160 320 186 353; x_wconf 83' lang='lat'><strong>¹⁰</strong></span> <span class='ocrx_word' id='word_1_12' title='bbox 194 320 224 368; x_wconf 94' lang='lat' dir='ltr'><strong>ut</strong></span> <span class='ocrx_word' id='word_1_13' title='bbox 244 326 308 368; x_wconf 89' lang='lat' dir='ltr'><strong>eam</strong></span> <span class='ocrx_word' id='word_1_14' title='bbox 329 318 403 367; x_wconf 84' lang='lat' dir='ltr'><strong>enec</strong></span> <span class='ocrx_word' id='word_1_15' title='bbox 424 310 567 370; x_wconf 66' lang='lat' dir='ltr'><strong>ambitiose</strong></span> <span class='ocrx_word' id='word_1_16' title='bbox 590 315 757 388; x_wconf 86' lang='lat' dir='ltr'><strong>corrigerem</strong></span> <span class='ocrx_word' id='word_1_17' title='bbox 779 330 843 375; x_wconf 86' lang='lat' dir='ltr'><strong>ante</strong></span> <span class='ocrx_word' id='word_1_18' title='bbox 861 320 970 395; x_wconf 81' lang='lat' dir='ltr'><strong>quinne</strong></span> <span class='ocrx_word' id='word_1_19' title='bbox 985 339 1017 377; x_wconf 84' lang='lat' dir='ltr'><strong>ne</strong></span> <span class='ocrx_word' id='word_1_20' title='bbox 1034 327 1100 383; x_wconf 86' lang='lat' dir='ltr'><strong>amb.</strong></span> 
     </span>
    </p>

    <p class='ocr_par' dir='ltr' id='par_1_4' title="bbox 68 384 1007 465">
     <span class='ocr_line' id='line_1_4' title="bbox 68 384 1007 465; baseline 0.013 -23"><span class='ocrx_word' id='word_1_21' title='bbox 68 384 173 443; x_wconf 79' lang='lat' dir='ltr'><strong>ederet</strong></span> <span class='ocrx_word' id='word_1_22' title='bbox 211 385 250 445; x_wconf 84' lang='lat' dir='ltr'><strong>esl</strong></span> <span class='ocrx_word' id='word_1_23' title='bbox 272 397 367 442; x_wconf 87' lang='lat' dir='ltr'><strong>autern</strong></span> <span class='ocrx_word' id='word_1_24' title='bbox 389 388 481 445; x_wconf 88' lang='lat' dir='ltr'><strong>oratio</strong></span> <span class='ocrx_word' id='word_1_25' title='bbox 503 386 598 463; x_wconf 88' lang='lat' dir='ltr'><strong>scripta</strong></span> <span class='ocrx_word' id='word_1_26' title='bbox 621 389 818 465; x_wconf 72' lang='lat' dir='ltr'><strong>elegantissime</strong></span> <span class='ocrx_word' id='word_1_27' title='bbox 839 392 1007 455; x_wconf 68' lang='lat' dir='ltr'><strong>senten-*lii-</strong></span> 
     </span>
    </p>

    <p class='ocr_par' dir='ltr' id='par_1_5' title="bbox 65 460 950 541">
     <span class='ocr_line' id='line_1_5' title="bbox 65 460 950 541; baseline 0.012 -22"><span class='ocrx_word' id='word_1_28' title='bbox 65 462 131 529; x_wconf 85' lang='lat' dir='ltr'><strong>tiis‚</strong></span> <span class='ocrx_word' id='word_1_29' title='bbox 150 460 255 534; x_wconf 86' lang='lat' dir='ltr'><strong>verbis,</strong></span> <span class='ocrx_word' id='word_1_30' title='bbox 278 472 343 518; x_wconf 89' lang='lat' dir='ltr'><strong>¹¹ut</strong></span> <span class='ocrx_word' id='word_1_31' title='bbox 356 462 425 519; x_wconf 90' lang='lat' dir='ltr'>nihil</span> <span class='ocrx_word' id='word_1_32' title='bbox 438 462 518 537; x_wconf 84' lang='lat' dir='ltr'><strong>possit</strong></span> <span class='ocrx_word' id='word_1_33' title='bbox 539 463 616 522; x_wconf 90' lang='lat' dir='ltr'><strong>ultra.</strong></span> <span class='ocrx_word' id='word_1_34' title='bbox 656 484 711 541; x_wconf 88' lang='lat' dir='ltr'><strong>ego</strong></span> <span class='ocrx_word' id='word_1_35' title='bbox 734 477 855 539; x_wconf 89' lang='lat' dir='ltr'><strong>tamen,</strong></span> <span class='ocrx_word' id='word_1_36' title='bbox 875 470 894 527; x_wconf 88' lang='lat' dir='ltr'><strong>si</strong></span> <span class='ocrx_word' id='word_1_37' title='bbox 916 472 950 531; x_wconf 92' lang='lat' dir='ltr'><strong>il-</strong></span> 
     </span>
    </p>

    <p class='ocr_par' dir='ltr' id='par_1_6' title="bbox 64 534 946 617">
     <span class='ocr_line' id='line_1_6' title="bbox 64 534 946 617; baseline 0.01 -22"><span class='ocrx_word' id='word_1_38' title='bbox 64 535 125 596; x_wconf 87' lang='lat' dir='ltr'><strong>lam</strong></span> <span class='ocrx_word' id='word_1_39' title='bbox 140 539 248 597; x_wconf 89' lang='lat' dir='ltr'><strong>causam</strong></span> <span class='ocrx_word' id='word_1_40' title='bbox 270 534 445 608; x_wconf 86' lang='lat' dir='ltr'><strong>habuissem,</strong></span> <span class='ocrx_word' id='word_1_41' title='bbox 464 537 620 614; x_wconf 81' lang='lat' dir='ltr'>scripsissem</span> <span class='ocrx_word' id='word_1_42' title='bbox 643 542 781 602; x_wconf 78' lang='lat' dir='ltr'><strong>ardentius</strong></span> <span class='ocrx_word' id='word_1_43' title='bbox 803 542 946 617; x_wconf 69' lang='grc' dir='ltr'><strong>ὑποθέσεις.</strong></span> 
     </span>
    </p>

    <p class='ocr_par' dir='ltr' id='par_1_7' title="bbox 64 612 948 698">
     <span class='ocr_line' id='line_1_7' title="bbox 64 612 948 698; baseline 0.017 -28"><span class='ocrx_word' id='word_1_44' title='bbox 64 613 163 682; x_wconf 88' lang='lat' dir='ltr'><strong>vides,</strong></span> <span class='ocrx_word' id='word_1_45' title='bbox 184 633 250 692; x_wconf 89' lang='lat' dir='ltr'><strong>quae</strong></span> <span class='ocrx_word' id='word_1_46' title='bbox 264 612 296 672; x_wconf 92' lang='lat' dir='ltr'><strong>fit</strong></span> <span class='ocrx_word' id='word_1_47' title='bbox 310 613 424 688; x_wconf 88' lang='lat' dir='ltr'><strong>persona</strong></span> <span class='ocrx_word' id='word_1_48' title='bbox 448 613 571 675; x_wconf 85' lang='lat' dir='ltr'><strong>dicentis.</strong></span> <span class='ocrx_word' id='word_1_49' title='bbox 611 619 703 694; x_wconf 89' lang='lat' dir='ltr'><strong>itaque</strong></span> <span class='ocrx_word' id='word_1_50' title='bbox 725 638 788 677; x_wconf 86' lang='lat' dir='ltr'><strong>earn</strong></span> <span class='ocrx_word' id='word_1_51' title='bbox 810 624 948 698; x_wconf 85' lang='lat' dir='ltr'><strong>corrigere</strong></span> 
     </span>
    </p>

    <p class='ocr_par' dir='ltr' id='par_1_8' title="bbox 63 690 946 771">
     <span class='ocr_line' id='line_1_8' title="bbox 63 690 946 771; baseline 0.01 -22"><span class='ocrx_word' id='word_1_52' title='bbox 63 707 128 749; x_wconf 89' lang='lat' dir='ltr'><strong>non</strong></span> <span class='ocrx_word' id='word_1_53' title='bbox 144 693 231 767; x_wconf 90' lang='lat' dir='ltr'><strong>potui.</strong></span> <span class='ocrx_word' id='word_1_54' title='bbox 270 708 328 766; x_wconf 93' lang='lat' dir='ltr'><strong>quo</strong></span> <span class='ocrx_word' id='word_1_55' title='bbox 345 690 421 749; x_wconf 85' lang='lat' dir='ltr'><strong>enirn</strong></span> <span class='ocrx_word' id='word_1_56' title='bbox 435 692 464 749; x_wconf 91' lang='lat' dir='ltr'><strong>in</strong></span> <span class='ocrx_word' id='word_1_57' title='bbox 477 709 579 767; x_wconf 87' lang='lat' dir='ltr'><strong>genere</strong></span> <span class='ocrx_word' id='word_1_58' title='bbox 593 693 690 752; x_wconf 87' lang='lat' dir='ltr'><strong>Brutus</strong></span> <span class='ocrx_word' id='word_1_59' title='bbox 703 697 795 755; x_wconf 88' lang='lat' dir='ltr'>noster</span> <span class='ocrx_word' id='word_1_60' title='bbox 809 695 862 755; x_wconf 85' lang='lat' dir='ltr'><strong>esse</strong></span> <span class='ocrx_word' id='word_1_61' title='bbox 871 700 946 771; x_wconf 88' lang='lat' dir='ltr'><strong>vult,</strong></span> 
     </span>
    </p>

    <p class='ocr_par' dir='ltr' id='par_1_9' title="bbox 66 767 944 847">
     <span class='ocr_line' id='line_1_9' title="bbox 66 767 944 847; baseline 0.011 -22"><span class='ocrx_word' id='word_1_62' title='bbox 66 768 100 825; x_wconf 74' lang='grc' dir='ltr'>ἃ</span> <span class='ocrx_word' id='word_1_63' title='bbox 113 768 192 844; x_wconf 89' lang='lat' dir='ltr'><strong>quod</strong></span> <span class='ocrx_word' id='word_1_64' title='bbox 202 767 339 842; x_wconf 87' lang='lat' dir='ltr'><strong>judicium</strong></span> <span class='ocrx_word' id='word_1_65' title='bbox 354 768 435 825; x_wconf 88' lang='lat' dir='ltr'><strong>habet</strong></span> <span class='ocrx_word' id='word_1_66' title='bbox 447 767 483 826; x_wconf 91' lang='lat' dir='ltr'><strong>de</strong></span> <span class='ocrx_word' id='word_1_67' title='bbox 508 771 619 845; x_wconf 91' lang='lat' dir='ltr'><strong>optimo</strong></span> <span class='ocrx_word' id='word_1_68' title='bbox 639 789 741 847; x_wconf 87' lang='lat' dir='ltr'><strong>genere</strong></span> <span class='ocrx_word' id='word_1_69' title='bbox 762 772 872 832; x_wconf 91' lang='lat' dir='ltr'><strong>dicendi</strong></span> <span class='ocrx_word' id='word_1_70' title='bbox 887 818 895 843; x_wconf 92' lang='lat'>,</span> <span class='ocrx_word' id='word_1_71' title='bbox 915 778 944 837; x_wconf 91' lang='lat' dir='ltr'><strong>id</strong></span> 
     </span>
    </p>

    <p class='ocr_par' dir='ltr' id='par_1_10' title="bbox 64 842 944 917">
     <span class='ocr_line' id='line_1_10' title="bbox 64 842 944 917; baseline 0.011 -16"><span class='ocrx_word' id='word_1_72' title='bbox 64 842 107 902; x_wconf 87' lang='lat' dir='ltr'><strong>ita</strong></span> <span class='ocrx_word' id='word_1_73' title='bbox 122 844 283 902; x_wconf 88' lang='lat' dir='ltr'><strong>consecutus</strong></span> <span class='ocrx_word' id='word_1_74' title='bbox 298 843 335 901; x_wconf 86' lang='lat' dir='ltr'><strong>est</strong></span> <span class='ocrx_word' id='word_1_75' title='bbox 349 843 378 903; x_wconf 91' lang='lat' dir='ltr'><strong>in</strong></span> <span class='ocrx_word' id='word_1_76' title='bbox 392 862 424 902; x_wconf 89' lang='lat' dir='ltr'><strong>ea</strong></span> <span class='ocrx_word' id='word_1_77' title='bbox 438 844 564 904; x_wconf 89' lang='lat' dir='ltr'><strong>oratione</strong></span> <span class='ocrx_word' id='word_1_78' title='bbox 580 889 589 917; x_wconf 90' lang='lat'>‚</span> <span class='ocrx_word' id='word_1_79' title='bbox 608 859 640 904; x_wconf 96' lang='lat' dir='ltr'><strong>ut</strong></span> <span class='ocrx_word' id='word_1_80' title='bbox 661 849 702 905; x_wconf 91' lang='lat' dir='ltr'><strong>ele</strong></span> <span class='ocrx_word' id='word_1_81' title='bbox 722 851 812 909; x_wconf 90' lang='lat' dir='ltr'><strong>antius</strong></span> <span class='ocrx_word' id='word_1_82' title='bbox 834 847 887 908; x_wconf 84' lang='lat' dir='ltr'><strong>esse</strong></span> <span class='ocrx_word' id='word_1_83' title='bbox 901 854 944 911; x_wconf 85' lang='lat' dir='ltr'><strong>ni-</strong></span> 
     </span>
    </p>

    <p class='ocr_par' dir='ltr' id='par_1_11' title="bbox 65 866 942 999">
     <span class='ocr_line' id='line_1_11' title="bbox 65 866 942 999; baseline 0.011 -23"><span class='ocrx_word' id='word_1_84' title='bbox 65 919 108 977; x_wconf 89' lang='lat' dir='ltr'><strong>hil</strong></span> <span class='ocrx_word' id='word_1_85' title='bbox 123 920 212 994; x_wconf 81' lang='lat' dir='ltr'><strong>possit.</strong></span> <span class='ocrx_word' id='word_1_86' title='bbox 253 918 331 977; x_wconf 85' lang='lat' dir='ltr'><strong>¹²sed</strong></span> <span class='ocrx_word' id='word_1_87' title='bbox 345 937 399 994; x_wconf 90' lang='lat' dir='ltr'><strong>ego</strong></span> <span class='ocrx_word' id='word_1_88' title='bbox 413 920 483 979; x_wconf 87' lang='lat' dir='ltr'><strong>solus</strong></span> <span class='ocrx_word' id='word_1_89' title='bbox 504 921 570 981; x_wconf 88' lang='lat' dir='ltr'><strong>alius</strong></span> <span class='ocrx_word' id='word_1_90' title='bbox 590 922 648 981; x_wconf 93' lang='lat' dir='ltr'><strong>sum</strong></span> <span class='ocrx_word' id='word_1_91' title='bbox 666 946 674 990; x_wconf 92' lang='lat'>;</span> <span class='ocrx_word' id='word_1_92' title='bbox 702 866 759 982; x_wconf 68' lang='lat' dir='ltr'><strong>sive</strong></span> <span class='ocrx_word' id='word_1_93' title='bbox 778 928 834 984; x_wconf 94' lang='lat' dir='ltr'><strong>hoc</strong></span> <span class='ocrx_word' id='word_1_94' title='bbox 851 926 942 999; x_wconf 72' lang='lat' dir='ltr'><strong>rede,</strong></span> 
     </span>
    </p>

    <p class='ocr_par' dir='ltr' id='par_1_12' title="bbox 65 994 941 1072">
     <span class='ocr_line' id='line_1_12' title="bbox 65 994 941 1072; baseline 0.014 -19"><span class='ocrx_word' id='word_1_95' title='bbox 65 994 128 1053; x_wconf 85' lang='lat' dir='ltr'><strong>five</strong></span> <span class='ocrx_word' id='word_1_96' title='bbox 144 1014 202 1059; x_wconf 90' lang='lat' dir='ltr'><strong>non</strong></span> <span class='ocrx_word' id='word_1_97' title='bbox 216 995 299 1057; x_wconf 71' lang='lat' dir='ltr'><strong>redd.</strong></span> <span class='ocrx_word' id='word_1_98' title='bbox 338 1008 479 1057; x_wconf 89' lang='lat' dir='ltr'><strong>tutamen</strong></span> <span class='ocrx_word' id='word_1_99' title='bbox 494 1000 579 1065; x_wconf 85' lang='lat' dir='ltr'><strong>veliin</strong></span> <span class='ocrx_word' id='word_1_100' title='bbox 595 1000 752 1067; x_wconf 87' lang='lat' dir='ltr'><strong>orationem</strong></span> <span class='ocrx_word' id='word_1_101' title='bbox 774 1002 800 1059; x_wconf 90' lang='lat' dir='ltr'><strong>le</strong></span> <span class='ocrx_word' id='word_1_102' title='bbox 819 1020 870 1072; x_wconf 88' lang='lat' dir='ltr'><strong>as,</strong></span> <span class='ocrx_word' id='word_1_103' title='bbox 890 1005 941 1065; x_wconf 88' lang='lat' dir='ltr'><strong>nist</strong></span> 
     </span>
    </p>

    <p class='ocr_par' dir='ltr' id='par_1_13' title="bbox 65 1021 939 1155">
     <span class='ocr_line' id='line_1_13' title="bbox 65 1021 939 1155; baseline 0.011 -24"><span class='ocrx_word' id='word_1_104' title='bbox 65 1071 144 1131; x_wconf 74' lang='lat' dir='ltr'><strong>forte</strong></span> <span class='ocrx_word' id='word_1_105' title='bbox 153 1072 212 1151; x_wconf 91' lang='lat' dir='ltr'><strong>jam</strong></span> <span class='ocrx_word' id='word_1_106' title='bbox 225 1073 327 1151; x_wconf 80' lang='lat' dir='ltr'><strong>legisti,</strong></span> <span class='ocrx_word' id='word_1_107' title='bbox 347 1074 551 1150; x_wconf 88' lang='lat' dir='ltr'><strong>certioremque</strong></span> <span class='ocrx_word' id='word_1_108' title='bbox 567 1093 614 1133; x_wconf 93' lang='lat' dir='ltr'><strong>me</strong></span> <span class='ocrx_word' id='word_1_109' title='bbox 628 1076 726 1146; x_wconf 84' lang='lat' dir='ltr'><strong>facias,</strong></span> <span class='ocrx_word' id='word_1_110' title='bbox 746 1021 819 1153; x_wconf 71' lang='lat' dir='ltr'><strong>quid</strong></span> <span class='ocrx_word' id='word_1_111' title='bbox 830 1079 939 1155; x_wconf 80' lang='lat' dir='ltr'><strong>judicer</strong></span> 
     </span>
    </p>

    <p class='ocr_par' dir='ltr' id='par_1_14' title="bbox 64 1148 940 1308">
     <span class='ocr_line' id='line_1_14' title="bbox 64 1148 940 1240; baseline 0.008 -33"><span class='ocrx_word' id='word_1_112' title='bbox 64 1148 133 1227; x_wconf 87' lang='lat' dir='ltr'><strong>ipse.</strong></span> <span class='ocrx_word' id='word_1_113' title='bbox 174 1160 378 1230; x_wconf 82' lang='lat' dir='ltr'><strong>¹3quamquam</strong></span> <span class='ocrx_word' id='word_1_114' title='bbox 398 1168 514 1223; x_wconf 85' lang='lat' dir='ltr'><strong>vereor,</strong></span> <span class='ocrx_word' id='word_1_115' title='bbox 534 1170 570 1213; x_wconf 92' lang='lat' dir='ltr'><strong>ne</strong></span> <span class='ocrx_word' id='word_1_116' title='bbox 591 1154 763 1240; x_wconf 75' lang='lat' dir='ltr'><strong>cognomine</strong></span> <span class='ocrx_word' id='word_1_117' title='bbox 782 1158 840 1216; x_wconf 89' lang='lat' dir='ltr'><strong>tuo&#39;</strong></span> <span class='ocrx_word' id='word_1_118' title='bbox 853 1157 940 1232; x_wconf 80' lang='lat' dir='ltr'><strong>lapsus</strong></span> 
     </span>
     <span class='ocr_line' id='line_1_15' title="bbox 857 1235 939 1308; baseline -0.012 -17"><span class='ocrx_word' id='word_1_119' title='bbox 857 1235 939 1308; x_wconf 60' lang='lat' dir='ltr'><strong>simp·</strong></span> 
     </span>
    </p>
   </div>
   <div class='ocr_carea' id='block_1_3' title="bbox 10 1384 938 3529">
    <p class='ocr_par' dir='ltr' id='par_1_15' title="bbox 61 1384 938 1890">
     <span class='ocr_line' id='line_1_16' title="bbox 99 1384 938 1455; baseline 0.012 -22"><span class='ocrx_word' id='word_1_120' title='bbox 99 1397 136 1435; x_wconf 83' lang='lat' dir='ltr'><strong>ro.</strong></span> <span class='ocrx_word' id='word_1_121' title='bbox 153 1390 186 1433; x_wconf 82' lang='lat' dir='ltr'><strong>vr</strong></span> <span class='ocrx_word' id='word_1_122' title='bbox 196 1400 277 1434; x_wconf 73' lang='lat' dir='ltr'><strong>remea</strong></span> <span class='ocrx_word' id='word_1_123' title='bbox 287 1384 552 1451; x_wconf 76' lang='lat' dir='ltr'><strong>amlirr&#39;oslcorrigeram.]</strong></span> <span class='ocrx_word' id='word_1_124' title='bbox 582 1390 622 1437; x_wconf 82' lang='lat' dir='ltr'><strong>Ne</strong></span> <span class='ocrx_word' id='word_1_125' title='bbox 637 1387 661 1437; x_wconf 92' lang='lat' dir='ltr'><strong>in</strong></span> <span class='ocrx_word' id='word_1_126' title='bbox 677 1387 818 1454; x_wconf 84' lang='lat' dir='ltr'><strong>¹corrigendo</strong></span> <span class='ocrx_word' id='word_1_127' title='bbox 835 1391 938 1455; x_wconf 87' lang='lat' dir='ltr'><strong>gratiam</strong></span> 
     </span>
     <span class='ocr_line' id='line_1_17' title="bbox 66 1450 937 1517; baseline 0.006 -18"><span class='ocrx_word' id='word_1_128' title='bbox 66 1450 205 1512; x_wconf 70' lang='lat' dir='ltr'><strong>aucupator:</strong></span> <span class='ocrx_word' id='word_1_129' title='bbox 222 1465 265 1506; x_wconf 67' lang='lat' dir='ltr'><strong>net</strong></span> <span class='ocrx_word' id='word_1_130' title='bbox 295 1451 380 1499; x_wconf 83' lang='lat' dir='ltr'><strong>retiam</strong></span> <span class='ocrx_word' id='word_1_131' title='bbox 391 1451 441 1509; x_wconf 82' lang='lat' dir='ltr'><strong>eius</strong></span> <span class='ocrx_word' id='word_1_132' title='bbox 450 1464 566 1514; x_wconf 82' lang='lat' dir='ltr'><strong>captans,</strong></span> <span class='ocrx_word' id='word_1_133' title='bbox 581 1464 649 1515; x_wconf 82' lang='lat' dir='ltr'><strong>parce</strong></span> <span class='ocrx_word' id='word_1_134' title='bbox 659 1454 808 1517; x_wconf 85' lang='lat' dir='ltr'><strong>corrigerem.</strong></span> <span class='ocrx_word' id='word_1_135' title='bbox 842 1456 937 1507; x_wconf 82' lang='lat' dir='ltr'><strong>Eodem</strong></span> 
     </span>
     <span class='ocr_line' id='line_1_18' title="bbox 66 1464 937 1583; baseline 0.013 -25"><span class='ocrx_word' id='word_1_136' title='bbox 66 1510 154 1583; x_wconf 67' lang='lat' dir='ltr'><strong>letho,</strong></span> <span class='ocrx_word' id='word_1_137' title='bbox 172 1515 197 1562; x_wconf 83' lang='lat' dir='ltr'><strong>lle</strong></span> <span class='ocrx_word' id='word_1_138' title='bbox 207 1513 232 1561; x_wconf 88' lang='lat' dir='ltr'><strong>in</strong></span> <span class='ocrx_word' id='word_1_139' title='bbox 241 1464 325 1561; x_wconf 68' lang='lat' dir='ltr'><strong>eadem</strong></span> <span class='ocrx_word' id='word_1_140' title='bbox 337 1509 466 1569; x_wconf 84' lang='lat' dir='ltr'><strong>sementia,</strong></span> <span class='ocrx_word' id='word_1_141' title='bbox 481 1518 564 1563; x_wconf 75' lang='lat' dir='ltr'><strong>Brutus</strong></span> <span class='ocrx_word' id='word_1_142' title='bbox 575 1512 627 1562; x_wconf 82' lang='lat' dir='ltr'><strong>usur</strong></span> <span class='ocrx_word' id='word_1_143' title='bbox 642 1514 692 1570; x_wconf 85' lang='lat' dir='ltr'><strong>esi,</strong></span> <span class='ocrx_word' id='word_1_144' title='bbox 709 1530 764 1563; x_wconf 85' lang='lat' dir='ltr'><strong>eum</strong></span> <span class='ocrx_word' id='word_1_145' title='bbox 779 1516 809 1564; x_wconf 91' lang='lat' dir='ltr'><strong>ad</strong></span> <span class='ocrx_word' id='word_1_146' title='bbox 828 1518 937 1569; x_wconf 78' lang='lat' dir='ltr'><strong>Attimna</strong></span> 
     </span>
     <span class='ocr_line' id='line_1_19' title="bbox 65 1570 936 1643; baseline 0.007 -20"><span class='ocrx_word' id='word_1_147' title='bbox 65 1570 187 1631; x_wconf 81' lang='lat' dir='ltr'><strong>scriberet,</strong></span> <span class='ocrx_word' id='word_1_148' title='bbox 201 1578 344 1623; x_wconf 84' lang='lat' dir='ltr'><strong>ciceronem</strong></span> <span class='ocrx_word' id='word_1_149' title='bbox 354 1573 470 1624; x_wconf 72' lang='lat' dir='ltr'><strong>accusans.</strong></span> <span class='ocrx_word' id='word_1_150' title='bbox 502 1578 609 1641; x_wconf 79' lang='lat' dir='ltr'><strong>Qedam</strong></span> <span class='ocrx_word' id='word_1_151' title='bbox 620 1578 719 1643; x_wconf 79' lang='lat' dir='ltr'><strong>,inquit</strong></span> <span class='ocrx_word' id='word_1_152' title='bbox 733 1612 742 1636; x_wconf 89' lang='lat'><strong><em>‚</em></strong></span> <span class='ocrx_word' id='word_1_153' title='bbox 757 1584 814 1627; x_wconf 81' lang='lat' dir='ltr'><strong>mihi</strong></span> <span class='ocrx_word' id='word_1_154' title='bbox 827 1583 936 1643; x_wconf 67' lang='lat' dir='ltr'><strong>videare,</strong></span> 
     </span>
     <span class='ocr_line' id='line_1_20' title="bbox 64 1637 938 1706; baseline 0.007 -21"><span class='ocrx_word' id='word_1_155' title='bbox 64 1639 120 1700; x_wconf 73' lang='lat' dir='ltr'><strong>quid</strong></span> <span class='ocrx_word' id='word_1_156' title='bbox 130 1640 220 1683; x_wconf 77' lang='lat' dir='ltr'><strong>dicam?</strong></span> <span class='ocrx_word' id='word_1_157' title='bbox 234 1640 378 1700; x_wconf 71' lang='lat' dir='ltr'><strong>irnperiteoir</strong></span> <span class='ocrx_word' id='word_1_158' title='bbox 389 1642 483 1685; x_wconf 81' lang='lat' dir='ltr'><strong>amnium</strong></span> <span class='ocrx_word' id='word_1_159' title='bbox 492 1637 675 1703; x_wconf 72' lang='lat' dir='ltr'><strong>pradenriffimas,</strong></span> <span class='ocrx_word' id='word_1_160' title='bbox 685 1657 719 1687; x_wconf 75' lang='lat' dir='ltr'><strong>am</strong></span> <span class='ocrx_word' id='word_1_161' title='bbox 729 1643 839 1703; x_wconf 68' lang='lat' dir='ltr'><strong>ambitiose</strong></span> <span class='ocrx_word' id='word_1_162' title='bbox 848 1644 938 1706; x_wconf 66' lang='lat' dir='ltr'><strong>fecr&#39;ffi,l</strong></span> 
     </span>
     <span class='ocr_line' id='line_1_21' title="bbox 62 1700 937 1765; baseline 0.011 -19"><span class='ocrx_word' id='word_1_163' title='bbox 62 1705 104 1762; x_wconf 82' lang='lat' dir='ltr'><strong>qui</strong></span> <span class='ocrx_word' id='word_1_164' title='bbox 116 1700 282 1760; x_wconf 77' lang='lat' dir='ltr'><strong>vasentrffimum</strong></span> <span class='ocrx_word' id='word_1_165' title='bbox 293 1704 419 1748; x_wconf 54' lang='lat' dir='ltr'><strong>amonium</strong></span> <span class='ocrx_word' id='word_1_166' title='bbox 424 1702 527 1764; x_wconf 60' lang='lat' dir='ltr'><strong>suscipere</strong></span> <span class='ocrx_word' id='word_1_167' title='bbox 538 1715 576 1764; x_wconf 87' lang='lat' dir='ltr'><strong>pro</strong></span> <span class='ocrx_word' id='word_1_168' title='bbox 586 1717 627 1765; x_wconf 84' lang='lat' dir='ltr'><strong>rep.</strong></span> <span class='ocrx_word' id='word_1_169' title='bbox 643 1722 684 1751; x_wconf 81' lang='lat' dir='ltr'><strong>nee</strong></span> <span class='ocrx_word' id='word_1_170' title='bbox 691 1704 797 1752; x_wconf 65' lang='lat' dir='ltr'><strong>delirant</strong></span> <span class='ocrx_word' id='word_1_171' title='bbox 807 1710 937 1756; x_wconf 68' lang='lat' dir='ltr'><strong>inimicam?</strong></span> 
     </span>
     <span class='ocr_line' id='line_1_22' title="bbox 63 1761 935 1831; baseline 0.009 -20"><span class='ocrx_word' id='word_1_172' title='bbox 63 1761 220 1819; x_wconf 75' lang='lat' dir='ltr'><strong>Ambitiose,</strong></span> <span class='ocrx_word' id='word_1_173' title='bbox 234 1776 277 1825; x_wconf 89' lang='lat' dir='ltr'><strong>pro</strong></span> <span class='ocrx_word' id='word_1_174' title='bbox 291 1762 459 1827; x_wconf 84' lang='lat' dir='ltr'><strong>indulgenter,</strong></span> <span class='ocrx_word' id='word_1_175' title='bbox 476 1764 505 1812; x_wconf 91' lang='lat' dir='ltr'><strong>ad</strong></span> <span class='ocrx_word' id='word_1_176' title='bbox 521 1766 687 1827; x_wconf 80' lang='lat' dir='ltr'><strong>inquirendam</strong></span> <span class='ocrx_word' id='word_1_177' title='bbox 708 1767 801 1815; x_wconf 71' lang='lat' dir='ltr'><strong>Otiavii</strong></span> <span class='ocrx_word' id='word_1_178' title='bbox 817 1771 935 1831; x_wconf 80' lang='lat' dir='ltr'><strong>gratiam,</strong></span> 
     </span>
     <span class='ocr_line' id='line_1_23' title="bbox 61 1824 934 1890; baseline 0.008 -15"><span class='ocrx_word' id='word_1_179' title='bbox 61 1824 134 1875; x_wconf 79' lang='lat' dir='ltr'><strong>dixit.</strong></span> <span class='ocrx_word' id='word_1_180' title='bbox 167 1829 198 1873; x_wconf 84' lang='lat' dir='ltr'><strong>Et</strong></span> <span class='ocrx_word' id='word_1_181' title='bbox 210 1840 246 1889; x_wconf 81' lang='lat' dir='ltr'><strong>ep.</strong></span> <span class='ocrx_word' id='word_1_182' title='bbox 254 1842 276 1874; x_wconf 88' lang='lat'><strong>2.</strong></span> <span class='ocrx_word' id='word_1_183' title='bbox 284 1825 360 1876; x_wconf 86' lang='lat' dir='ltr'><strong>.sib.1.</strong></span> <span class='ocrx_word' id='word_1_184' title='bbox 376 1824 406 1876; x_wconf 85' lang='lat' dir='ltr'><strong>ad</strong></span> <span class='ocrx_word' id='word_1_185' title='bbox 416 1834 446 1890; x_wconf 78' lang='lat' dir='ltr'><strong>Q.</strong></span> <span class='ocrx_word' id='word_1_186' title='bbox 457 1831 581 1876; x_wconf 80' lang='lat' dir='ltr'><strong>Fratrem:</strong></span> <span class='ocrx_word' id='word_1_187' title='bbox 609 1836 641 1877; x_wconf 81' lang='lat' dir='ltr'><strong>Na</strong></span> <span class='ocrx_word' id='word_1_188' title='bbox 651 1828 710 1888; x_wconf 76' lang='lat' dir='ltr'><strong>foere</strong></span> <span class='ocrx_word' id='word_1_189' title='bbox 719 1846 753 1876; x_wconf 82' lang='lat' dir='ltr'><strong>me</strong></span> <span class='ocrx_word' id='word_1_190' title='bbox 762 1833 786 1877; x_wconf 82' lang='lat' dir='ltr'><strong>ie</strong></span> <span class='ocrx_word' id='word_1_191' title='bbox 796 1834 934 1881; x_wconf 72' lang='lat' dir='ltr'><strong>Graue-rare</strong></span> 
     </span>
    </p>

    <p class='ocr_par' dir='ltr' id='par_1_16' title="bbox 10 1889 936 2380">
     <span class='ocr_line' id='line_1_24' title="bbox 10 1889 904 1950; baseline 0.001 -13"><span class='ocrx_word' id='word_1_192' title='bbox 10 1940 19 1947; x_wconf 75' lang='grc'><strong>,</strong></span> <span class='ocrx_word' id='word_1_193' title='bbox 60 1889 343 1950; x_wconf 62' lang='lat' dir='ltr'><strong>ambiciosrunfeduaeeffe</strong></span> <span class='ocrx_word' id='word_1_194' title='bbox 352 1892 437 1942; x_wconf 78' lang='lat' dir='ltr'><strong>mirere.</strong></span> <span class='ocrx_word' id='word_1_195' title='bbox 469 1894 593 1939; x_wconf 62' lang='lat' dir='ltr'><strong>illinunt.</strong></span> <span class='ocrx_word' id='word_1_196' title='bbox 875 1894 904 1913; x_wconf 87' lang='lat'><strong>·&#39;</strong></span> 
     </span>
     <span class='ocr_line' id='line_1_25' title="bbox 10 1951 936 2015; baseline 0.006 -15"><span class='ocrx_word' id='word_1_197' title='bbox 10 1966 13 1971; x_wconf 90' lang='lat'>·</span> <span class='ocrx_word' id='word_1_198' title='bbox 65 1968 69 1987; x_wconf 87' lang='lat'>=</span> <span class='ocrx_word' id='word_1_199' title='bbox 98 1967 135 2001; x_wconf 87' lang='lat' dir='ltr'><strong>rr.</strong></span> <span class='ocrx_word' id='word_1_200' title='bbox 150 1958 184 1999; x_wconf 81' lang='lat' dir='ltr'><strong>vt</strong></span> <span class='ocrx_word' id='word_1_201' title='bbox 193 1954 250 1999; x_wconf 82' lang='lat' dir='ltr'><strong>nibil</strong></span> <span class='ocrx_word' id='word_1_202' title='bbox 257 1951 316 2015; x_wconf 77' lang='lat' dir='ltr'><strong>poffir</strong></span> <span class='ocrx_word' id='word_1_203' title='bbox 327 1955 400 2007; x_wconf 82' lang='lat' dir='ltr'><strong>usare,</strong></span> <span class='ocrx_word' id='word_1_204' title='bbox 413 1968 449 2015; x_wconf 80' lang='lat' dir='ltr'><strong>age</strong></span> <span class='ocrx_word' id='word_1_205' title='bbox 461 1958 551 2009; x_wconf 69' lang='lat' dir='ltr'><strong>remen]</strong></span> <span class='ocrx_word' id='word_1_206' title='bbox 564 1957 593 2000; x_wconf 90' lang='lat' dir='ltr'><strong>ln</strong></span> <span class='ocrx_word' id='word_1_207' title='bbox 603 1951 738 2013; x_wconf 86' lang='lat' dir='ltr'><strong>antiquiore</strong></span> <span class='ocrx_word' id='word_1_208' title='bbox 752 1952 833 2001; x_wconf 80' lang='lat' dir='ltr'><strong>nostro</strong></span> <span class='ocrx_word' id='word_1_209' title='bbox 849 1956 936 2007; x_wconf 77' lang='lat' dir='ltr'><strong>eodioo</strong></span> 
     </span>
     <span class='ocr_line' id='line_1_26' title="bbox 10 2014 936 2079; baseline 0.004 -14"><span class='ocrx_word' id='word_1_210' title='bbox 10 2026 16 2035; x_wconf 88' lang='lat'><em>·</em></span> <span class='ocrx_word' id='word_1_211' title='bbox 37 2014 41 2019; x_wconf 84' lang='grc'><strong>’</strong></span> <span class='ocrx_word' id='word_1_212' title='bbox 61 2030 93 2065; x_wconf 86' lang='lat' dir='ltr'><strong>ee</strong></span> <span class='ocrx_word' id='word_1_213' title='bbox 108 2022 182 2079; x_wconf 86' lang='lat' dir='ltr'><strong>quam</strong></span> <span class='ocrx_word' id='word_1_214' title='bbox 197 2014 239 2077; x_wconf 80' lang='lat' dir='ltr'><strong>ipsi</strong></span> <span class='ocrx_word' id='word_1_215' title='bbox 260 2014 400 2065; x_wconf 78' lang='lat' dir='ltr'><strong>restituimus</strong></span> <span class='ocrx_word' id='word_1_216' title='bbox 416 2016 494 2079; x_wconf 76' lang='lat' dir='ltr'><strong>potius</strong></span> <span class='ocrx_word' id='word_1_217' title='bbox 508 2014 581 2064; x_wconf 76' lang='lat' dir='ltr'><strong>teleto</strong></span> <span class='ocrx_word' id='word_1_218' title='bbox 600 2016 739 2063; x_wconf 84' lang='lat' dir='ltr'><strong>invenitur:</strong></span> <span class='ocrx_word' id='word_1_219' title='bbox 765 2015 868 2078; x_wconf 88' lang='lat' dir='ltr'><strong>ideoque</strong></span> <span class='ocrx_word' id='word_1_220' title='bbox 883 2034 936 2069; x_wconf 60' lang='lat' dir='ltr'><strong>‘noe</strong></span> 
     </span>
     <span class='ocr_line' id='line_1_27' title="bbox 10 2068 933 2143; baseline 0.004 -16"><span class='ocrx_word' id='word_1_221' title='bbox 10 2088 13 2099; x_wconf 90' lang='lat'>·</span> <span class='ocrx_word' id='word_1_222' title='bbox 60 2068 139 2141; x_wconf 81' lang='lat' dir='ltr'><strong>ipsam</strong></span> <span class='ocrx_word' id='word_1_223' title='bbox 152 2078 253 2143; x_wconf 74' lang='lat' dir='ltr'><strong>vulgate</strong></span> <span class='ocrx_word' id='word_1_224' title='bbox 268 2079 429 2142; x_wconf 75' lang='lat' dir='ltr'><strong>praetulimus:</strong></span> <span class='ocrx_word' id='word_1_225' title='bbox 454 2093 512 2129; x_wconf 91' lang='lat' dir='ltr'><strong>nam</strong></span> <span class='ocrx_word' id='word_1_226' title='bbox 535 2075 611 2125; x_wconf 75' lang='lat' dir='ltr'><strong>sensio</strong></span> <span class='ocrx_word' id='word_1_227' title='bbox 630 2090 779 2141; x_wconf 60' lang='lat' dir='ltr'><strong>contraque</strong></span> <span class='ocrx_word' id='word_1_228' title='bbox 800 2077 863 2128; x_wconf 90' lang='lat' dir='ltr'><strong>idem</strong></span> <span class='ocrx_word' id='word_1_229' title='bbox 880 2080 933 2131; x_wconf 77' lang='lat' dir='ltr'><strong>fere</strong></span> 
     </span>
     <span class='ocr_line' id='line_1_28' title="bbox 10 2130 936 2256; baseline 0.005 -66"><span class='ocrx_word' id='word_1_230' title='bbox 10 2130 16 2204; x_wconf 59' lang='grc' dir='ltr'><strong><em>ἶ</em></strong></span> <span class='ocrx_word' id='word_1_231' title='bbox 56 2142 170 2256; x_wconf 39' lang='lat' dir='ltr'><strong>‘ssim‘</strong></span> <span class='ocrx_word' id='word_1_232' title='bbox 195 2156 226 2191; x_wconf 85' lang='lat' dir='ltr'><strong>ex</strong></span> <span class='ocrx_word' id='word_1_233' title='bbox 242 2140 322 2191; x_wconf 87' lang='lat' dir='ltr'><strong>noslra</strong></span> <span class='ocrx_word' id='word_1_234' title='bbox 336 2155 420 2193; x_wconf 87' lang='lat' dir='ltr'><strong>tamen</strong></span> <span class='ocrx_word' id='word_1_235' title='bbox 433 2138 590 2192; x_wconf 84' lang='lat' dir='ltr'><strong>commodior</strong></span> <span class='ocrx_word' id='word_1_236' title='bbox 603 2142 629 2191; x_wconf 77' lang='lat' dir='ltr'><strong>de</strong></span> <span class='ocrx_word' id='word_1_237' title='bbox 642 2141 776 2205; x_wconf 84' lang='lat' dir='ltr'><strong>elegantior</strong></span> <span class='ocrx_word' id='word_1_238' title='bbox 790 2174 798 2199; x_wconf 88' lang='lat'><strong>,</strong></span> <span class='ocrx_word' id='word_1_239' title='bbox 820 2156 854 2191; x_wconf 88' lang='lat' dir='ltr'><strong>ur.</strong></span> <span class='ocrx_word' id='word_1_240' title='bbox 861 2156 936 2208; x_wconf 53' lang='lat' dir='ltr'><strong>poton</strong></span> 
     </span>
     <span class='ocr_line' id='line_1_29' title="bbox 10 2208 932 2256; baseline 0.001 -4"><span class='ocrx_word' id='word_1_241' title='bbox 10 2212 12 2223; x_wconf 94' lang='lat'>&#39;</span> <span class='ocrx_word' id='word_1_242' title='bbox 73 2208 93 2252; x_wconf 79' lang='grc' dir='ltr'><strong>,ι’</strong></span> <span class='ocrx_word' id='word_1_243' title='bbox 113 2223 145 2256; x_wconf 85' lang='lat' dir='ltr'><strong>or.</strong></span> <span class='ocrx_word' id='word_1_244' title='bbox 312 2236 315 2243; x_wconf 92' lang='lat'>·</span> <span class='ocrx_word' id='word_1_245' title='bbox 392 2230 395 2235; x_wconf 64' lang='lat'>¹</span> <span class='ocrx_word' id='word_1_246' title='bbox 663 2246 666 2251; x_wconf 90' lang='lat'>.</span> <span class='ocrx_word' id='word_1_247' title='bbox 735 2226 738 2231; x_wconf 76' lang='grc'>’</span> <span class='ocrx_word' id='word_1_248' title='bbox 788 2210 791 2214; x_wconf 81' lang='lat'>&#39;</span> <span class='ocrx_word' id='word_1_249' title='bbox 929 2230 932 2235; x_wconf 64' lang='lat'>¹</span> 
     </span>
     <span class='ocr_line' id='line_1_30' title="bbox 96 2267 933 2380; baseline 0.004 -63"><span class='ocrx_word' id='word_1_250' title='bbox 96 2283 134 2320; x_wconf 74' lang='grc' dir='ltr'><strong>ιι.</strong></span> <span class='ocrx_word' id='word_1_251' title='bbox 151 2269 235 2380; x_wconf 49' lang='grc' dir='ltr'><strong>δᾶιῐὲμ</strong></span> <span class='ocrx_word' id='word_1_252' title='bbox 241 2271 300 2332; x_wconf 76' lang='lat' dir='ltr'><strong>folus</strong></span> <span class='ocrx_word' id='word_1_253' title='bbox 308 2270 443 2333; x_wconf 68' lang='lat' dir='ltr'><strong>ellassam]</strong></span> <span class='ocrx_word' id='word_1_254' title='bbox 471 2272 516 2319; x_wconf 77' lang='lat' dir='ltr'><strong>Pro</strong></span> <span class='ocrx_word' id='word_1_255' title='bbox 527 2269 587 2331; x_wconf 71' lang='lat' dir='ltr'><strong>soler</strong></span> <span class='ocrx_word' id='word_1_256' title='bbox 601 2267 679 2333; x_wconf 80' lang='lat' dir='ltr'><strong>placet</strong></span> <span class='ocrx_word' id='word_1_257' title='bbox 692 2267 770 2332; x_wconf 82' lang='lat' dir='ltr'><strong>magis</strong></span> <span class='ocrx_word' id='word_1_258' title='bbox 779 2282 805 2318; x_wconf 86' lang='lat' dir='ltr'><strong>ut</strong></span> <span class='ocrx_word' id='word_1_259' title='bbox 820 2268 933 2335; x_wconf 84' lang='lat' dir='ltr'><strong>legatur,</strong></span> 
     </span>
    </p>

    <p class='ocr_par' dir='ltr' id='par_1_17' title="bbox 10 2341 932 3529">
     <span class='ocr_line' id='line_1_31' title="bbox 60 2341 908 2382; baseline 0.004 -4"><span class='ocrx_word' id='word_1_260' title='bbox 60 2341 128 2380; x_wconf 69' lang='lat' dir='ltr'><strong>setus.</strong></span> <span class='ocrx_word' id='word_1_261' title='bbox 213 2348 237 2382; x_wconf 84' lang='lat' dir='ltr'><strong>n.</strong></span> <span class='ocrx_word' id='word_1_262' title='bbox 306 2364 308 2368; x_wconf 32' lang='grc' dir='ltr'><strong><em>ι</em></strong></span> <span class='ocrx_word' id='word_1_263' title='bbox 343 2360 366 2379; x_wconf 89' lang='grc'><strong>.·</strong></span> <span class='ocrx_word' id='word_1_264' title='bbox 683 2342 686 2347; x_wconf 95' lang='grc'><strong>’</strong></span> <span class='ocrx_word' id='word_1_265' title='bbox 871 2358 875 2368; x_wconf 85' lang='lat'>=</span> <span class='ocrx_word' id='word_1_266' title='bbox 905 2353 908 2365; x_wconf 92' lang='grc'><strong><em>·</em></strong></span> 
     </span>
     <span class='ocr_line' id='line_1_32' title="bbox 95 2392 930 2460; baseline -0.001 -19"><span class='ocrx_word' id='word_1_267' title='bbox 95 2409 133 2449; x_wconf 81' lang='lat'><strong>13·</strong></span> <span class='ocrx_word' id='word_1_268' title='bbox 149 2397 289 2460; x_wconf 81' lang='lat' dir='ltr'><strong>Qamqraam</strong></span> <span class='ocrx_word' id='word_1_269' title='bbox 301 2414 416 2454; x_wconf 64' lang='lat' dir='ltr'><strong>vernem</strong></span> <span class='ocrx_word' id='word_1_270' title='bbox 427 2399 544 2458; x_wconf 80' lang='lat' dir='ltr'><strong>cognomine</strong></span> <span class='ocrx_word' id='word_1_271' title='bbox 557 2408 594 2445; x_wconf 79' lang='lat' dir='ltr'><strong>tae</strong></span> <span class='ocrx_word' id='word_1_272' title='bbox 605 2392 675 2457; x_wconf 77' lang='lat' dir='ltr'><strong>lapsus</strong></span> <span class='ocrx_word' id='word_1_273' title='bbox 682 2436 685 2442; x_wconf 96' lang='lat'><em>.</em></span> <span class='ocrx_word' id='word_1_274' title='bbox 693 2394 804 2448; x_wconf 62' lang='lat' dir='ltr'><strong>leavalle</strong></span> <span class='ocrx_word' id='word_1_275' title='bbox 812 2394 844 2450; x_wconf 83' lang='lat' dir='ltr'><strong>fis</strong></span> <span class='ocrx_word' id='word_1_276' title='bbox 859 2397 882 2441; x_wconf 82' lang='lat' dir='ltr'><strong>r&#39;n</strong></span> <span class='ocrx_word' id='word_1_277' title='bbox 891 2397 930 2451; x_wconf 69' lang='lat' dir='ltr'><strong>ia·</strong></span> 
     </span>
     <span class='ocr_line' id='line_1_33' title="bbox 60 2454 931 2523; baseline 0.002 -18"><span class='ocrx_word' id='word_1_278' title='bbox 60 2456 174 2515; x_wconf 72' lang='lat' dir='ltr'><strong>dicanda]</strong></span> <span class='ocrx_word' id='word_1_279' title='bbox 190 2457 341 2523; x_wconf 73' lang='lat' dir='ltr'><strong>manuscripti</strong></span> <span class='ocrx_word' id='word_1_280' title='bbox 352 2473 436 2507; x_wconf 83' lang='lat' dir='ltr'><strong>omuee</strong></span> <span class='ocrx_word' id='word_1_281' title='bbox 448 2462 588 2521; x_wconf 66' lang='lat' dir='ltr'><strong>hyprocritas</strong></span> <span class='ocrx_word' id='word_1_282' title='bbox 598 2457 705 2507; x_wconf 82' lang='lat' dir='ltr'><strong>habenta</strong></span> <span class='ocrx_word' id='word_1_283' title='bbox 721 2473 772 2521; x_wconf 83' lang='lat' dir='ltr'><strong>que</strong></span> <span class='ocrx_word' id='word_1_284' title='bbox 782 2454 873 2522; x_wconf 74' lang='lat' dir='ltr'><strong>prorsus</strong></span> <span class='ocrx_word' id='word_1_285' title='bbox 887 2472 931 2507; x_wconf 87' lang='lat' dir='ltr'><strong>ve·</strong></span> 
     </span>
     <span class='ocr_line' id='line_1_34' title="bbox 58 2518 931 2587; baseline 0.002 -18"><span class='ocrx_word' id='word_1_286' title='bbox 58 2533 87 2569; x_wconf 83' lang='lat' dir='ltr'><strong>ra</strong></span> <span class='ocrx_word' id='word_1_287' title='bbox 98 2518 130 2567; x_wconf 88' lang='lat' dir='ltr'><strong>esl</strong></span> <span class='ocrx_word' id='word_1_288' title='bbox 140 2520 220 2569; x_wconf 70' lang='lat' dir='ltr'><strong>lectio.</strong></span> <span class='ocrx_word' id='word_1_289' title='bbox 236 2522 309 2571; x_wconf 87' lang='lat' dir='ltr'><strong>miror</strong></span> <span class='ocrx_word' id='word_1_290' title='bbox 320 2535 399 2571; x_wconf 88' lang='lat' dir='ltr'><strong>autem</strong></span> <span class='ocrx_word' id='word_1_291' title='bbox 410 2521 535 2587; x_wconf 88' lang='lat' dir='ltr'><strong>quomodo</strong></span> <span class='ocrx_word' id='word_1_292' title='bbox 552 2534 604 2570; x_wconf 86' lang='lat' dir='ltr'><strong>tam</strong></span> <span class='ocrx_word' id='word_1_293' title='bbox 621 2520 661 2569; x_wconf 94' lang='lat' dir='ltr'><strong>diu</strong></span> <span class='ocrx_word' id='word_1_294' title='bbox 678 2522 791 2570; x_wconf 62' lang='lat' dir='ltr'><strong>latuerit:</strong></span> <span class='ocrx_word' id='word_1_295' title='bbox 813 2520 931 2571; x_wconf 84' lang='lat' dir='ltr'><strong>Germani</strong></span> 
     </span>
     <span class='ocr_line' id='line_1_35' title="bbox 59 2578 929 2647; baseline 0.005 -18"><span class='ocrx_word' id='word_1_296' title='bbox 59 2592 145 2631; x_wconf 88' lang='lat' dir='ltr'><strong>tamen</strong></span> <span class='ocrx_word' id='word_1_297' title='bbox 155 2598 209 2631; x_wconf 89' lang='lat' dir='ltr'><strong>eam</strong></span> <span class='ocrx_word' id='word_1_298' title='bbox 219 2584 332 2634; x_wconf 84' lang='lat' dir='ltr'><strong>viderunt&#39;.</strong></span> <span class='ocrx_word' id='word_1_299' title='bbox 365 2599 438 2647; x_wconf 88' lang='lat' dir='ltr'><strong>quam</strong></span> <span class='ocrx_word' id='word_1_300' title='bbox 447 2584 528 2647; x_wconf 81' lang='lat' dir='ltr'><strong>inepta</strong></span> <span class='ocrx_word' id='word_1_301' title='bbox 540 2598 620 2634; x_wconf 89' lang='lat' dir='ltr'><strong>autem</strong></span> <span class='ocrx_word' id='word_1_302' title='bbox 631 2582 753 2647; x_wconf 83' lang='lat' dir='ltr'><strong>&amp;frigida</strong></span> <span class='ocrx_word' id='word_1_303' title='bbox 765 2583 861 2647; x_wconf 85' lang='lat' dir='ltr'><strong>vulgata</strong></span> <span class='ocrx_word' id='word_1_304' title='bbox 870 2578 929 2633; x_wconf 85' lang='lat' dir='ltr'><strong>esset</strong></span> 
     </span>
     <span class='ocr_line' id='line_1_36' title="bbox 60 2646 928 2710; baseline 0 -18"><span class='ocrx_word' id='word_1_305' title='bbox 60 2646 123 2694; x_wconf 92' lang='lat' dir='ltr'><strong>nihil</strong></span> <span class='ocrx_word' id='word_1_306' title='bbox 135 2648 219 2694; x_wconf 78' lang='lat' dir='ltr'><strong>attinet</strong></span> <span class='ocrx_word' id='word_1_307' title='bbox 230 2647 313 2697; x_wconf 89' lang='lat' dir='ltr'><strong>dicere.</strong></span> <span class='ocrx_word' id='word_1_308' title='bbox 331 2688 334 2693; x_wconf 96' lang='lat'>.</span> <span class='ocrx_word' id='word_1_309' title='bbox 345 2646 480 2696; x_wconf 78' lang='lat' dir='ltr'><strong>Credebant</strong></span> <span class='ocrx_word' id='word_1_310' title='bbox 490 2648 596 2710; x_wconf 84' lang='lat' dir='ltr'><strong>plerique</strong></span> <span class='ocrx_word' id='word_1_311' title='bbox 609 2647 659 2705; x_wconf 85' lang='lat' dir='ltr'><strong>ejus</strong></span> <span class='ocrx_word' id='word_1_312' title='bbox 674 2647 788 2708; x_wconf 82' lang='lat' dir='ltr'><strong>temporie</strong></span> <span class='ocrx_word' id='word_1_313' title='bbox 804 2657 928 2701; x_wconf 74' lang='lat' dir='ltr'><strong>oratores,</strong></span> 
     </span>
     <span class='ocr_line' id='line_1_37' title="bbox 58 2705 932 2833; baseline 0 -14"><span class='ocrx_word' id='word_1_314' title='bbox 58 2705 932 2833; x_wconf 52' lang='lat' dir='ltr'><strong>lallsstsnmlrl9¹“llr¹·s:}ll{’illlnjllrlllllllllltl‘</strong></span> 
     </span>
     <span class='ocr_line' id='line_1_38' title="bbox 58 2788 928 2900; baseline 0 -18"><span class='ocrx_word' id='word_1_315' title='bbox 58 2837 149 2884; x_wconf 83' lang='lat' dir='ltr'><strong>rimeris</strong></span> <span class='ocrx_word' id='word_1_316' title='bbox 162 2849 192 2882; x_wconf 87' lang='lat' dir='ltr'><strong>ne</strong></span> <span class='ocrx_word' id='word_1_317' title='bbox 202 2835 261 2893; x_wconf 90' lang='lat' dir='ltr'><strong>ille,</strong></span> <span class='ocrx_word' id='word_1_318' title='bbox 273 2788 422 2900; x_wconf 66' lang='lat' dir='ltr'><strong>tdognomine</strong></span> <span class='ocrx_word' id='word_1_319' title='bbox 438 2834 478 2883; x_wconf 91' lang='lat' dir='ltr'><strong>suo</strong></span> <span class='ocrx_word' id='word_1_320' title='bbox 490 2789 584 2899; x_wconf 69' lang='lat' dir='ltr'><strong>lappsue,</strong></span> <span class='ocrx_word' id='word_1_321' title='bbox 605 2836 672 2884; x_wconf 88' lang='lat' dir='ltr'><strong>tenui</strong></span> <span class='ocrx_word' id='word_1_322' title='bbox 688 2837 713 2884; x_wconf 76' lang='grc' dir='ltr'><strong>δι</strong></span> <span class='ocrx_word' id='word_1_323' title='bbox 728 2833 859 2898; x_wconf 88' lang='lat' dir='ltr'><strong>tranquillo</strong></span> <span class='ocrx_word' id='word_1_324' title='bbox 870 2803 928 2882; x_wconf 72' lang='lat' dir='ltr'><strong>stud</strong></span> 
     </span>
     <span class='ocr_line' id='line_1_39' title="bbox 56 2896 929 2963; baseline -0.002 -16"><span class='ocrx_word' id='word_1_325' title='bbox 56 2900 138 2963; x_wconf 75' lang='lat' dir='ltr'><strong>magis</strong></span> <span class='ocrx_word' id='word_1_326' title='bbox 159 2896 312 2947; x_wconf 71' lang='lat' dir='ltr'><strong>deleslaretur</strong></span> <span class='ocrx_word' id='word_1_327' title='bbox 326 2898 400 2961; x_wconf 73' lang='lat' dir='ltr'><strong>quam</strong></span> <span class='ocrx_word' id='word_1_328' title='bbox 415 2898 536 2947; x_wconf 83' lang='lat' dir='ltr'><strong>concitato</strong></span> <span class='ocrx_word' id='word_1_329' title='bbox 551 2901 577 2948; x_wconf 76' lang='grc' dir='ltr'><strong>δι</strong></span> <span class='ocrx_word' id='word_1_330' title='bbox 593 2897 659 2959; x_wconf 79' lang='lat' dir='ltr'><strong>quasi</strong></span> <span class='ocrx_word' id='word_1_331' title='bbox 677 2897 769 2946; x_wconf 89' lang='lat' dir='ltr'><strong>ardenti</strong></span> <span class='ocrx_word' id='word_1_332' title='bbox 781 2913 787 2943; x_wconf 91' lang='lat'>:</span> <span class='ocrx_word' id='word_1_333' title='bbox 797 2902 929 2958; x_wconf 77' lang='lat' dir='ltr'><strong>,tanquam</strong></span> 
     </span>
     <span class='ocr_line' id='line_1_40' title="bbox 56 2958 928 3026; baseline -0.003 -15"><span class='ocrx_word' id='word_1_334' title='bbox 56 2960 108 3025; x_wconf 76' lang='lat' dir='ltr'><strong>ipse</strong></span> <span class='ocrx_word' id='word_1_335' title='bbox 122 2963 213 3009; x_wconf 75' lang='lat' dir='ltr'><strong>Atticus</strong></span> <span class='ocrx_word' id='word_1_336' title='bbox 224 2962 369 3026; x_wconf 81' lang='lat' dir='ltr'><strong>appellatur,</strong></span> <span class='ocrx_word' id='word_1_337' title='bbox 384 2962 491 3009; x_wconf 83' lang='lat' dir='ltr'><strong>Atticum</strong></span> <span class='ocrx_word' id='word_1_338' title='bbox 502 2961 574 3012; x_wconf 87' lang='lat' dir='ltr'><strong>etiam</strong></span> <span class='ocrx_word' id='word_1_339' title='bbox 584 2959 663 3009; x_wconf 81' lang='lat' dir='ltr'><strong>sillum</strong></span> <span class='ocrx_word' id='word_1_340' title='bbox 675 2974 754 3009; x_wconf 88' lang='lat' dir='ltr'><strong>amare</strong></span> <span class='ocrx_word' id='word_1_341' title='bbox 764 2958 865 3008; x_wconf 86' lang='lat' dir='ltr'><strong>deberet.</strong></span> <span class='ocrx_word' id='word_1_342' title='bbox 898 2964 928 3008; x_wconf 85' lang='lat' dir='ltr'><strong>ln</strong></span> 
     </span>
     <span class='ocr_line' id='line_1_41' title="bbox 10 3020 928 3087; baseline -0.008 -11"><span class='ocrx_word' id='word_1_343' title='bbox 10 3056 20 3076; x_wconf 59' lang='lat' dir='ltr'><strong>a</strong></span> <span class='ocrx_word' id='word_1_344' title='bbox 57 3028 163 3075; x_wconf 86' lang='lat' dir='ltr'><strong>Oratore</strong></span> <span class='ocrx_word' id='word_1_345' title='bbox 179 3025 252 3073; x_wconf 85' lang='lat' dir='ltr'><strong>etiam</strong></span> <span class='ocrx_word' id='word_1_346' title='bbox 267 3023 368 3073; x_wconf 87' lang='lat' dir='ltr'><strong>eandem</strong></span> <span class='ocrx_word' id='word_1_347' title='bbox 380 3023 442 3072; x_wconf 87' lang='lat' dir='ltr'><strong>hauc</strong></span> <span class='ocrx_word' id='word_1_348' title='bbox 457 3021 599 3071; x_wconf 86' lang='lat' dir='ltr'><strong>sententiam</strong></span> <span class='ocrx_word' id='word_1_349' title='bbox 613 3020 755 3087; x_wconf 84' lang='lat' dir='ltr'><strong>persequitur</strong></span> <span class='ocrx_word' id='word_1_350' title='bbox 767 3040 774 3071; x_wconf 83' lang='lat' dir='ltr'><strong>r</strong></span> <span class='ocrx_word' id='word_1_351' title='bbox 784 3024 840 3084; x_wconf 76' lang='lat' dir='ltr'><strong>Qr&#39;</strong></span> <span class='ocrx_word' id='word_1_352' title='bbox 855 3032 928 3071; x_wconf 76' lang='lat' dir='ltr'><strong>aureo</strong></span> 
     </span>
     <span class='ocr_line' id='line_1_42' title="bbox 55 3080 929 3148; baseline -0.005 -13"><span class='ocrx_word' id='word_1_353' title='bbox 55 3089 246 3145; x_wconf 74' lang='lat' dir='ltr'><strong>asiterdixerunr,</strong></span> <span class='ocrx_word' id='word_1_354' title='bbox 261 3091 297 3135; x_wconf 82' lang='lat' dir='ltr'><strong>hoc</strong></span> <span class='ocrx_word' id='word_1_355' title='bbox 307 3088 387 3148; x_wconf 77' lang='lat' dir='ltr'><strong>affeqrai</strong></span> <span class='ocrx_word' id='word_1_356' title='bbox 400 3104 441 3133; x_wconf 79' lang='lat' dir='ltr'><strong>noe</strong></span> <span class='ocrx_word' id='word_1_357' title='bbox 452 3098 579 3146; x_wconf 73' lang='lat' dir='ltr'><strong>permutet:</strong></span> <span class='ocrx_word' id='word_1_358' title='bbox 596 3089 629 3133; x_wconf 78' lang='lat' dir='ltr'><strong>ira</strong></span> <span class='ocrx_word' id='word_1_359' title='bbox 639 3085 698 3144; x_wconf 61' lang='lat' dir='ltr'><strong>farsi</strong></span> <span class='ocrx_word' id='word_1_360' title='bbox 709 3087 760 3146; x_wconf 79' lang='lat' dir='ltr'><strong>sune</strong></span> <span class='ocrx_word' id='word_1_361' title='bbox 775 3080 856 3146; x_wconf 74' lang='lat' dir='ltr'><strong>repente*</strong></span> <span class='ocrx_word' id='word_1_362' title='bbox 873 3088 929 3131; x_wconf 61' lang='lat' dir='ltr'><strong>ost-</strong></span> 
     </span>
     <span class='ocr_line' id='line_1_43' title="bbox 56 3147 927 3215; baseline -0.006 -17"><span class='ocrx_word' id='word_1_363' title='bbox 56 3153 106 3201; x_wconf 69' lang='lat' dir='ltr'><strong>aiei.</strong></span> <span class='ocrx_word' id='word_1_364' title='bbox 138 3152 199 3215; x_wconf 75' lang='lat' dir='ltr'><strong>quast</strong></span> <span class='ocrx_word' id='word_1_365' title='bbox 211 3150 261 3199; x_wconf 76' lang='lat' dir='ltr'><strong>veri</strong></span> <span class='ocrx_word' id='word_1_366' title='bbox 272 3153 398 3199; x_wconf 78' lang='lat' dir='ltr'><strong>Trallianus</strong></span> <span class='ocrx_word' id='word_1_367' title='bbox 405 3150 477 3209; x_wconf 76' lang='lat' dir='ltr'><strong>faerit</strong></span> <span class='ocrx_word' id='word_1_368' title='bbox 486 3148 648 3205; x_wconf 72' lang='lat' dir='ltr'><strong>Demosthenes,</strong></span> <span class='ocrx_word' id='word_1_369' title='bbox 664 3153 725 3207; x_wconf 67' lang='lat' dir='ltr'><strong>caius</strong></span> <span class='ocrx_word' id='word_1_370' title='bbox 739 3165 778 3195; x_wconf 83' lang='lat' dir='ltr'><strong>non</strong></span> <span class='ocrx_word' id='word_1_371' title='bbox 792 3159 838 3193; x_wconf 85' lang='lat' dir='ltr'><strong>ram</strong></span> <span class='ocrx_word' id='word_1_372' title='bbox 848 3147 927 3193; x_wconf 77' lang='lat' dir='ltr'><strong>vibra·</strong></span> 
     </span>
     <span class='ocr_line' id='line_1_44' title="bbox 57 3210 927 3273; baseline -0.003 -11"><span class='ocrx_word' id='word_1_373' title='bbox 57 3226 105 3262; x_wconf 72' lang='lat' dir='ltr'><strong>rena</strong></span> <span class='ocrx_word' id='word_1_374' title='bbox 116 3215 215 3273; x_wconf 73' lang='lat' dir='ltr'><strong>fulmina</strong></span> <span class='ocrx_word' id='word_1_375' title='bbox 224 3216 266 3262; x_wconf 74' lang='lat' dir='ltr'><strong>illa</strong></span> <span class='ocrx_word' id='word_1_376' title='bbox 272 3247 280 3271; x_wconf 90' lang='lat'>,</span> <span class='ocrx_word' id='word_1_377' title='bbox 291 3216 331 3272; x_wconf 74' lang='lat' dir='ltr'><strong>rifi</strong></span> <span class='ocrx_word' id='word_1_378' title='bbox 341 3216 435 3261; x_wconf 82' lang='lat' dir='ltr'><strong>numeris</strong></span> <span class='ocrx_word' id='word_1_379' title='bbox 444 3225 536 3258; x_wconf 83' lang='lat' dir='ltr'><strong>contorta</strong></span> <span class='ocrx_word' id='word_1_380' title='bbox 544 3211 660 3269; x_wconf 77' lang='lat' dir='ltr'><strong>ferrentur.</strong></span> <span class='ocrx_word' id='word_1_381' title='bbox 677 3212 731 3266; x_wconf 70' lang='lat' dir='ltr'><strong>tiela</strong></span> <span class='ocrx_word' id='word_1_382' title='bbox 741 3210 849 3257; x_wconf 81' lang='lat' dir='ltr'><strong>autentim</strong></span> <span class='ocrx_word' id='word_1_383' title='bbox 857 3222 927 3259; x_wconf 85' lang='lat' dir='ltr'><strong>com·</strong></span> 
     </span>
     <span class='ocr_line' id='line_1_45' title="bbox 57 3272 927 3341; baseline -0.003 -17"><span class='ocrx_word' id='word_1_384' title='bbox 57 3275 267 3341; x_wconf 82' lang='lat' dir='ltr'><strong>positioneangere</strong></span> <span class='ocrx_word' id='word_1_385' title='bbox 277 3290 363 3327; x_wconf 88' lang='lat' dir='ltr'><strong>notum</strong></span> <span class='ocrx_word' id='word_1_386' title='bbox 368 3277 408 3327; x_wconf 81' lang='lat' dir='ltr'><strong>esl.</strong></span> <span class='ocrx_word' id='word_1_387' title='bbox 426 3275 464 3325; x_wconf 80' lang='lat' dir='ltr'><strong>Ab</strong></span> <span class='ocrx_word' id='word_1_388' title='bbox 475 3276 522 3323; x_wconf 88' lang='lat' dir='ltr'><strong>hoc</strong></span> <span class='ocrx_word' id='word_1_389' title='bbox 532 3274 631 3322; x_wconf 92' lang='lat' dir='ltr'><strong>nornine</strong></span> <span class='ocrx_word' id='word_1_390' title='bbox 644 3274 740 3325; x_wconf 82' lang='lat' dir='ltr'><strong>verbum</strong></span> <span class='ocrx_word' id='word_1_391' title='bbox 752 3273 820 3337; x_wconf 85' lang='lat' dir='ltr'><strong>fingit</strong></span> <span class='ocrx_word' id='word_1_392' title='bbox 831 3272 927 3335; x_wconf 84' lang='lat' dir='ltr'><strong>simpli·</strong></span> 
     </span>
     <span class='ocr_line' id='line_1_46' title="bbox 56 3332 925 3403; baseline -0.006 -14"><span class='ocrx_word' id='word_1_393' title='bbox 56 3340 107 3389; x_wconf 83' lang='lat' dir='ltr'><strong>ciue</strong></span> <span class='ocrx_word' id='word_1_394' title='bbox 119 3340 142 3389; x_wconf 91' lang='lat' dir='ltr'><strong>io</strong></span> <span class='ocrx_word' id='word_1_395' title='bbox 154 3341 339 3391; x_wconf 86' lang='lat' dir='ltr'><strong>Commentariis</strong></span> <span class='ocrx_word' id='word_1_396' title='bbox 349 3341 374 3389; x_wconf 92' lang='lat' dir='ltr'><strong>in</strong></span> <span class='ocrx_word' id='word_1_397' title='bbox 385 3336 481 3403; x_wconf 80' lang='lat' dir='ltr'><strong>Physica</strong></span> <span class='ocrx_word' id='word_1_398' title='bbox 496 3336 628 3387; x_wconf 82' lang='lat' dir='ltr'><strong>Aristotelis</strong></span> <span class='ocrx_word' id='word_1_399' title='bbox 644 3337 841 3397; x_wconf 54' lang='lat' dir='ltr'><strong>intremescere,</strong></span> <span class='ocrx_word' id='word_1_400' title='bbox 857 3332 925 3384; x_wconf 81' lang='lat' dir='ltr'><strong>idest</strong></span> 
     </span>
     <span class='ocr_line' id='line_1_47' title="bbox 57 3397 928 3468; baseline -0.01 -15"><span class='ocrx_word' id='word_1_401' title='bbox 57 3402 130 3453; x_wconf 84' lang='lat' dir='ltr'><strong>nimis</strong></span> <span class='ocrx_word' id='word_1_402' title='bbox 141 3400 239 3453; x_wconf 83' lang='lat' dir='ltr'><strong>studiose</strong></span> <span class='ocrx_word' id='word_1_403' title='bbox 249 3403 380 3468; x_wconf 78' lang='lat' dir='ltr'><strong>elegantias</strong></span> <span class='ocrx_word' id='word_1_404' title='bbox 392 3406 417 3453; x_wconf 75' lang='lat' dir='ltr'><strong>le</strong></span> <span class='ocrx_word' id='word_1_405' title='bbox 433 3401 507 3450; x_wconf 80' lang='lat' dir='ltr'><strong>flores</strong></span> <span class='ocrx_word' id='word_1_406' title='bbox 517 3401 566 3457; x_wconf 81' lang='lat' dir='ltr'><strong>eius</strong></span> <span class='ocrx_word' id='word_1_407' title='bbox 581 3401 667 3465; x_wconf 81' lang='lat' dir='ltr'><strong>linguar</strong></span> <span class='ocrx_word' id='word_1_408' title='bbox 679 3397 766 3451; x_wconf 70' lang='lat' dir='ltr'><strong>sedati.</strong></span> <span class='ocrx_word' id='word_1_409' title='bbox 807 3397 928 3451; x_wconf 79' lang='lat' dir='ltr'><strong>inuehitur</strong></span> 
     </span>
     <span class='ocr_line' id='line_1_48' title="bbox 57 3455 928 3529; baseline -0.009 -10"><span class='ocrx_word' id='word_1_410' title='bbox 57 3478 185 3529; x_wconf 59' lang='lat' dir='ltr'><strong>autemut</strong></span> <span class='ocrx_word' id='word_1_411' title='bbox 196 3464 300 3528; x_wconf 87' lang='lat' dir='ltr'><strong>solet,in</strong></span> <span class='ocrx_word' id='word_1_412' title='bbox 309 3465 488 3521; x_wconf 68' lang='lat' dir='ltr'><strong>momorum,</strong></span> <span class='ocrx_word' id='word_1_413' title='bbox 504 3455 709 3529; x_wconf 60' lang='lat' dir='ltr'><strong>alternantium</strong></span> <span class='ocrx_word' id='word_1_414' title='bbox 719 3461 828 3517; x_wconf 63' lang='lat' dir='ltr'><strong>anselm</strong></span> <span class='ocrx_word' id='word_1_415' title='bbox 839 3461 850 3515; x_wconf 82' lang='lat' dir='ltr'><strong>i</strong></span> <span class='ocrx_word' id='word_1_416' title='bbox 861 3461 928 3515; x_wconf 72' lang='lat' dir='ltr'><strong>lara·</strong></span> 
     </span>
    </p>
   </div>
   <div class='ocr_carea' id='block_1_4' title="bbox 474 3524 931 3589">
    <p class='ocr_par' dir='ltr' id='par_1_18' title="bbox 474 3524 931 3589">
     <span class='ocr_line' id='line_1_49' title="bbox 474 3524 931 3589; baseline -0.002 0"><span class='ocrx_word' id='word_1_417' title='bbox 474 3524 602 3589; x_wconf 75' lang='lat' dir='ltr'><strong>ffffffa</strong></span> <span class='ocrx_word' id='word_1_418' title='bbox 884 3537 931 3584; x_wconf 46' lang='grc' dir='ltr'><strong>θ’.</strong></span> 
     </span>
    </p>
   </div>
   <div class='ocr_carea' id='block_1_5' title="bbox 0 0 1152 3900">
    <p class='ocr_par' dir='ltr' id='par_1_19' title="bbox 0 0 1152 3900">
     <span class='ocr_line' id='line_1_50' title="bbox 0 0 1152 3900; baseline 0 3"><span class='ocrx_word' id='word_1_419' title='bbox 0 0 1152 3900; x_wconf 95' lang='lat' dir='ltr'><strong> </strong></span> 
     </span>
    </p>
   </div>
  </div>
 </body>
</html>
