2296 3900
138 64 940 207 Earsr.andn'rreuu.1523

179 332 182 343 .
240 326 249 343 .
304 280 688 353 anrsronltrrxu

186 469 431 531 CICERO
471 468 733 530 ATTICO
775 468 806 528 S:

51 631 272 743 SCrtrnstr
293 630 390 690 adme
405 629 549 706 diligenter
564 630 624 688 Sica
641 629 675 689 de
689 627 776 696 Silio,
802 628 885 708 seque
900 633 937 694 ad

57 704 83 764 J:
107 722 137 766 te
152 727 213 767 rem
228 705 367 768 detulisse:
388 708 466 783 quod
481 721 513 768 tu
526 709 602 766 idem
616 707 715 766 scribis
754 707 823 765 mihi
849 714 935 769 &res
980 752 997 799 Γ
1117 770 1119 775 ⁴

55 788 89 865 bt
111 784 239 844 conditio
261 784 374 860 placet,
393 783 439 842 sed
458 786 520 853 ita,
547 795 616 843 aaut
644 797 792 842 numerato
821 785 934 856 malim,
998 787 1004 800 '
1046 784 1054 800 '

54 859 146 933 quam
162 863 353 925 aestimatione.
391 859 557 937 voluptarias
577 863 653 919 enim
675 857 869 935 rpossessiones
883 879 957 929 nosst
972 859 1089 941 essenos,

54 924 98 997 let
112 937 204 1013 Silius,
226 937 402 1014 vestigalibus
416 951 512 997 autem
526 951 557 996 ut
570 938 611 996 his
627 934 736 1013 possum
751 933 804 994 elle
820 953 938 998 conten·
947 930 1001 977 Mo.

56 1025 123 1082 tus,
144 1033 207 1091 quae
220 1015 328 1084 habeo,
349 1013 386 1072 src
402 1016 449 1073 virt
465 1015 625 1074 minoribus.
663 1013 738 1072 unde
755 1031 821 1088 ergo
838 1033 940 1074 nume-

58 1088 147 1148 rato?
166 1091 235 1159 H-s.
253 1110 303 1150 nc.
318 1093 455 1166 exprimes
470 1091 504 1150 ab
519 1092 721 1167 Hermogene,
742 1089 806 1148 cum
828 1092 941 1167 praeser-

59 1167 117 1225 tim
132 1164 238 1228 necesse
253 1170 304 1226 erit
319 1189 325 1226 :
348 1172 378 1228 ὃ(
393 1168 473 1227 dorni
494 1168 578 1228 video
600 1166 652 1226 esse
674 1167 745 1225 H-S.
762 1184 811 1225 nc.
826 1168 940 1244 reliquae

59 1245 193 1319 pecuniae
206 1245 251 1303 vel
264 1244 293 1300 48
303 1245 411 1304 usuram
427 1245 492 1303 Silio
509 1245 679 1320 pendemus,
699 1243 767 1302 dum
782 1243 796 1302 i
813 1245 941 1324 Faberio,

62 1320 122 1385 vel.
133 1321 167 1379 ab
186 1321 305 1398 aliqud,
332 1323 381 1398 qui
409 1322 524 1382 Faberio
548 1322 654 1390 debet,
680 1320 942 1396 repraesentabimus.

58 1397 117 1457 'erit
131 1398 216 1456 etiam
230 1398 333 1474 aliquid
347 1398 483 1457 alicunde.
521 1397 567 1456 sed
582 1397 672 1456 totam
687 1415 747 1454 rem
762 1410 792 1455 tu
807 1399 943 1472 guberna-

62 1471 114 1543 bis.
152 1473 310 1535 iDrufianis
328 1474 414 1533 rvero
437 1477 488 1534 hos
504 1476 591 1542 hortis
606 1476 696 1533 multo
712 1488 869 1550 antepono:
891 1495 961 1553 ne-s
986 1504 1090 1569 uminis

62 1566 124 1686 pue
137 1550 199 1609 sunt
213 1554 538 1629 nmquamvcomparati.
559 1552 629 1611 mibi
645 1551 726 1610 crede
742 1570 796 1611 una
812 1571 858 1611 me
875 1571 940 1613 cau·
950 1572 1000 1620 atti.

76 1640 226 1703 amovet,
244 1630 341 1706 inqua
356 1629 450 1705 a9scio
467 1647 513 1707 me
529 1629 709 1703 enervatius.
727 1628 791 1701 sed,
811 1642 843 1697 ut
856 1631 967 1745 facin&¹
977 1647 1034 1707 veno
1045 1699 1075 1744 r·

221 1706 224 1713 ⁴
787 1710 790 1717 '
969 1710 1082 1748 ottrsatt.

821 1758 825 1765 ⁴
893 1708 965 1809 οἱ)’ν
980 1758 1082 1824 compa&

96 1867 137 1921 472
155 1856 239 1907 “wid‘'
248 1872 294 1920 ’Ψ
309 1867 436 1920 numellis]
460 1860 567 1923 Antiqua
581 1860 672 1918 lesbio,
688 1861 744 1921 unde
753 1877 799 1923 ergo
813 1869 941 1909 numerato?
951 1837 1002 1874 ma
1012 1827 1064 1895 ‘m'-
1121 1902 1128 1912 .

66 1935 142 1982 qnam
153 1924 180 1975 dt
189 1923 334 1986 recepimus,
349 1928 374 1975 δι
385 1922 500 1973 sinceram
510 1922 556 1973 else
566 1923 703 1980 iudicamus.
736 1938 790 1973 eum
801 1928 866 1973 enim
876 1923 944 1989 supra

68 1982 181 2044 dixisset,
197 1984 221 2039 se
230 2000 356 2037 numerato
366 1990 440 2037 malle
450 1987 524 2052 quam
535 1987 707 2044 estimatione,
724 2001 787 2035 nunc
801 1984 878 2036 secum
895 1987 944 2052 ipse

68 2040 194 2111 loquitur,
210 2047 280 2112 seque
294 2051 382 2099 interro
401 2063 445 2108 at,
462 2052 589 2114 quomodo
608 2048 679 2114 pollit
700 2063 844 2106 numerato,
866 2049 890 2098 id
910 2050 944 2100 est

68 2111 176 2175 presenti
191 2115 291 2181 pecunia
308 2114 366 2162 Silio
381 2066 531 2163 satisfacere:
553 2113 665 2176 deinceps
689 2115 807 2162 rationem
825 2113 943 2172 subducit,

68 2174 132 2225 unde
148 2190 202 2228 eam
215 2176 340 2240 pecuniam
355 2177 476 2226 corradere
492 2175 571 2242 possit.
605 2181 738 2226 Numeraro
756 2190 835 2225 autem
851 2191 944 2228 nomen

69 2236 116 2299 est,
132 2252 182 2302 quo
198 2240 270 2302 paulo
281 2239 337 2289 ante
353 2241 426 2288 etiam
440 2240 490 2290 usus
506 2241 590 2291 suerat.
606 2245 638 2290 Et
649 2243 674 2289 in
687 2239 785 2304 epistola
794 2240 897 2305 quadam
911 2239 943 2290 ad

65 2301 179 2367 Rufum:
199 2305 268 2367 Qud
277 2304 299 2362 st
312 2306 369 2350 mibi
382 2307 468 2369 expensa
483 2303 523 2364 esta
545 2308 605 2354 H·S.
623 2320 643 2354 c.
663 2305 764 2364 tuliffer,
782 2318 873 2363 tamen,
896 2321 942 2369 qua

66 2377 109 2412 tua
118 2366 147 2423 est
153 2367 269 2426 fieavr'tas,
284 2370 366 2431 quique
376 2370 400 2413 in
410 2385 444 2414 me
454 2385 527 2425 amor,
543 2370 609 2416 nolles
623 2370 638 2413 a
652 2384 686 2414 me
695 2370 732 2415 boc
746 2380 835 2429 tempore
851 2369 943 2429 estima-

65 2433 147 2478 tionem
155 2433 260 2490 accipere:
275 2446 326 2476 nam
336 2444 472 2478 numeratum
479 2432 501 2489 st
508 2445 617 2495 cuperem,
633 2447 675 2477 non
689 2443 743 2486 erat,
765 2431 854 2483 Vidbot.
886 2435 945 2482 Duae

67 2491 156 2553 species
167 2489 291 2555 solutionis
303 2496 462 2541 Numeratum
473 2497 499 2543 δι
510 2494 656 2551 AEstimati03
671 2508 771 2556 quatum
782 2493 895 2557 pollerior
904 2494 943 2542 in·

67 2555 141 2604 duda
151 2568 201 2603 erat
212 2571 242 2605 ex
252 2555 307 2620 lege
317 2555 381 2618 Julia
392 2554 490 2616 Caesaris
499 2559 695 2620 Distatoris,qua
705 2569 800 2604 cautum
812 2570 838 2603 ut
850 2555 943 2605 debito·

67 2633 107 2674 tes
123 2616 277 2667 creditoribus
304 2617 463 2669 satisfacerent
488 2635 529 2684 per
548 2620 730 2669 aestimationem
751 2616 942 2682 possessionum,

66 2683 155 2745 quanti
165 2695 264 2744 quaeque
275 2695 331 2730 aute
342 2682 411 2731 civile
422 2683 512 2732 bellum
522 2683 627 2734 fuissent.
644 2684 729 2732 Famil.
748 2682 787 2732 lib.
802 2697 846 2733 111.
864 2679 943 2731 Caesar

64 2746 111 2797 lib.
120 2759 167 2794 ur.
185 2749 271 2806 Papiae.
305 2745 350 2794 Sed
361 2745 421 2794 nihil
432 2746 481 2794 bac
491 2746 614 2798 :estimatio
627 2748 659 2805 ad
675 2747 738 2795 hunc
748 2748 837 2795 locum.
871 2746 944 2794 Cice·

64 2823 98 2866 no
110 2821 162 2854 non
172 2805 271 2858 debebat
283 2808 354 2864 silio,
369 2807 408 2858 sed
419 2809 515 2858 volebat
528 2810 612 2863 hortos
627 2810 690 2859 illius
706 2808 748 2857 fibi
763 2809 811 2856 erni
827 2822 866 2856 aut
884 2822 943 2871 praev

64 2872 137 2923 sente
153 2872 270 2932 pecunia,
291 2885 330 2919 aut
346 2875 519 2935 permutatione
536 2875 596 2923 alius
610 2872 775 2939 possessionis,
796 2887 848 2935 quae
865 2872 944 2934 pretio

65 2932 236 2998 hottiparfit.
269 2938 379 2984 Gravius.

71 2995 75 3000 ’
101 3006 141 3057 48.
158 2998 276 3058 vllam]
305 2996 377 3061 Quod
389 3011 469 3061 ptaetet
479 2998 557 3049 decies
568 3000 593 3048 dt
609 2997 709 3047 ducenta
725 2999 782 3047 Silio
798 2995 942 3050 solvendum

66 3061 128 3119 etit,
139 3061 291 3109 conferemus
300 3063 325 3110 in
336 3061 415 3116 diem,
426 3074 483 3125 puta
492 3076 610 3118 annuam,
627 3062 759 3112 &interim
771 3076 814 3124 pro
827 3077 857 3109 eo
863 3060 941 3110 usuras

66 3123 221 3192 pendemus,
243 3125 321 3174 donee
344 3124 443 3190 presens
459 3126 497 3175 vel
512 3137 568 3174 ante
583 3123 647 3174 diem
666 3138 788 3173 numerare
803 3125 941 3193 poterimus,

88 3193 234 3239 .F.Gronov.

67 3191 87 3250 J
100 3269 140 3311 49.
158 3256 208 3300 Scio
218 3258 252 3300 me
262 3255 439 3314 τετυφῶσθαι]
451 3258 488 3304 lta
499 3250 628 3317 legendum
638 3249 715 3300 afferit
725 3249 854 3310 Lambinus
862 3250 945 3317 potins

67 3317 144 3380 quam
156 3319 340 3374 «annuntiasti,
350 3331 375 3365 ut
387 3318 487 3377 quidam
496 3318 589 3365 volunt.
608 3319 681 3363 cleric.
713 3314 804 3375 Apronio
821 3322 860 3365 nei
872 3334 944 3379 etetq

67 3377 209 3439 aueuatfic
220 3380 312 3432 dixerat
324 3381 434 3446 Polybius
444 3381 540 3435 libus.
556 3388 653 3447 caper.
670 3376 708 3432 ubi
723 3376 800 3430 simile
816 3375 942 3443 contigisse

65 3442 170 3510 οίὶςιιάί.
201 3447 298 3501 Gronov,
485 3451 487 3455 '

144 3506 163 3517 ''
219 3506 222 3511 ’
259 3508 262 3513 ’
830 3508 868 3572 (ο.
884 3507 945 3552 Mn
