2296 3900
255 1200 264 1216 ἢ
337 1146 695 1202 balneatore,habent:nos,cum
708 1147 732 1194 in
745 1146 814 1192 nullis
826 1145 858 1191 ita

326 39 423 89 ..050
484 39 628 69 Hibra&
671 39 804 83 Qun&
818 39 1101 71 [uouendum

335 104 491 173 Caninium
503 111 600 181 volui,
618 107 666 168 sed
679 111 832 179 proponunt
848 107 1010 179 ἁμάρτημα.
1053 114 1080 162 ¹5
1087 106 1136 168 Ab

337 202 401 249 tore
416 193 520 263 φνρμός
539 190 633 251 πολύς.
671 204 738 246 uam
763 188 810 246 ista
829 186 946 263 quidem
968 184 1085 245 Caesaris
1106 186 1138 246 ltl

338 284 403 326 rum
426 267 582 343 conjuratio
603 264 683 323 facile
712 266 938 341 opprimeretur,
965 262 986 320 li
1006 263 1084 321 tedia
1114 262 1138 321 sa

319 404 323 409 ,
338 346 490 404 Antonius.
529 346 626 402 Meam
639 341 749 401 llultam
763 341 981 411 verecundiam,
998 342 1050 418 qui
1062 340 1138 475 legali

1133 435 1138 474 ι

336 586 408 625 tatas.
439 576 548 641 sequitur
566 572 686 623 excusatio
704 566 847 624 de'suffcito
862 574 978 629 nomine,
997 586 1041 637 pet
1056 586 1138 622 errore

339 640 405 688 &um
415 637 474 687 effe:
492 640 644 697 μιιιιιιιιιι,
663 640 758 700 iuquit,
781 641 928 699 ἁμάρτημα,
943 652 1102 684 verumtamen
1116 655 1138 683 nr

336 700 420 765 culpi,
437 703 475 751 led
487 701 565 751 alieni
576 716 675 751 ortum:
697 716 752 766 puta
767 703 849 758 illius,
870 702 911 763 qni
928 712 1060 764 tamquam
1076 701 1138 749 altat

336 778 375 813 tot
386 780 415 813 ac
425 780 504 815 tantas
515 764 587 828 usque
598 766 658 813 adeo
669 764 832 821 conturbavit,
848 778 873 812 ut
885 779 915 812 ne
931 758 993 813 milri
1011 762 1117 827 quidem
1133 765 1139 821 i

337 829 431 877 intera
449 830 577 878 nominum
593 830 730 885 memoria,
756 844 808 892 qun
823 830 848 876 in
871 826 916 875 isto
932 826 1022 876 talario
1039 826 1082 875 vel
1100 827 1138 877 teil

338 844 444 940 confell'u
454 892 548 941 fuerunt
559 904 681 955 occupata.
707 892 758 940 rate
768 890 893 954 multiplex
905 891 1034 939 Ciceronis
1044 890 1130 949 ludus,

339 954 421 1019 postea
431 954 461 1002 ad
471 955 603 1019 fimplicem
616 957 777 1003 narrationem
789 955 891 1003 devenir.
923 955 1017 1012 Junius.

373 1034 409 1073 15.
426 1020 469 1065 „ab
477 1023 569 1067 altatare
578 1021 665 1082 ouguit
680 1020 772 1076 arcade]
801 1023 837 1065 lta
852 1016 939 1065 habeut
957 1017 1042 1066 cunffi
1060 1019 1089 1067 &
1107 1032 1136 1077 ex

337 1079 489 1146 manuscripti
501 1082 594 1131 codices
609 1096 670 1144 quos
685 1080 804 1137 vidimus,
825 1082 928 1192 excssptis
945 1080 1118 1138 Germanicis,
1133 1101 1138 1126 r

879 1145 980 1207 criptum
992 1145 1138 1208 antiquioril

339 1210 492 1267 venerimus,
508 1223 627 1274 receptam
645 1209 774 1257 lediionem
792 1219 882 1255 mutare
899 1208 1045 1257 noluimus:
1063 1224 1129 1257 error

336 1270 414 1321 facilis
429 1274 455 1321 in
475 1274 612 1321 alterutram
631 1286 661 1320 ex
679 1272 752 1319 altera
768 1270 906 1320 diilionem.
939 1272 962 1319 si
978 1285 1137 1337 compertum

339 1332 397 1383 ess'et
409 1349 481 1399 quem
491 1336 652 1400 intelligeret,
667 1332 785 1396 pollemus
803 1332 913 1381 fidentius
923 1342 960 1383 'ex
977 1335 1031 1391 eius
1041 1338 1096 1385 vita
1105 1338 1131 1385 dt

337 1395 381 1446 bus
398 1398 554 1454 confirmare,
571 1413 622 1463 quae
637 1395 748 1446 sincerior
765 1394 889 1449 lefflo'fit:
905 1396 974 1459 quod
991 1413 1051 1447 cum
1063 1401 1138 1463 ignon

336 1472 462 1526 utramque
471 1462 590 1510 voluimus
600 1459 708 1509 testatam
718 1462 858 1523 relinquere,
864 1473 897 1516 tat,
905 1475 960 1511 cunr
970 1462 1020 1510 hoc
1030 1465 1121 1512 certius
1131 1463 1138 1511 l

337 1522 422 1583 fiterit,
437 1523 509 1589 poffit
519 1526 679 1588 unusquisque
689 1539 752 1581 eam,
759 1530 810 1587 qua
820 1524 896 1587 magis
907 1538 1048 1589 congruens
1059 1524 1138 1577 tuijell

338 1601 402 1649 gere.
421 1590 499 1637 l'idlor'.
533 1590 575 1636 ,Al
584 1589 695 1645 aleatore.]
712 1592 734 1637 A
745 1592 781 1637 M.
794 1588 903 1636 Antonio
916 1621 924 1643 ‚
938 1590 982 1650 qui
994 1590 1122 1639 Licinium

339 1648 470 1709 culam,de
482 1651 534 1700 alea
544 1648 891 1706 condemnatum,collusorem
901 1648 1099 1709 snumrellituit,
1110 1664 1136 1701 nt

309 1728 317 1741 ¹
340 1712 367 1761 in
379 1715 431 1762 alea
444 1714 594 1779 perdiderat,
611 1713 729 1764 beneficio
743 1714 804 1778 legis
820 1709 963 1764 diffolveret.
987 1716 1080 1781 Philip.
1093 1730 1128 1766 n.

268 1804 275 1817 ·
339 1776 421 1834 ratio,
436 1793 488 1844 que
498 1777 618 1842 sequitur,
634 1777 659 1827 id
669 1778 742 1827 etiat'n
753 1775 828 1840 magis
839 1775 994 1828 demonstrat.
1010 1780 1046 1829 al.
1064 1797 1080 1827 a
1088 1781 1138 1829 bola

339 1850 367 1886 ut
377 1836 442 1889 fone
451 1840 593 1907 fignificetur
604 1841 691 1892 Viscius
702 1843 870 1897 Antonianus,
886 1841 928 1903 qui
943 1840 1078 1892 balneator
1087 1840 1138 1895 liar

339 1912 384 1952 rat.
401 1903 555 1970 Philipxtrr.
573 1907 658 1955 Corrad.
677 1903 847 1954 Excudendttm
858 1904 970 1959 nitati,a
980 1906 1138 1965 balneatorem

339 1966 367 2013 in
383 1968 494 2019 omnibus
510 1969 603 2019 nostris.
635 1968 796 2018 videtur'vero
812 1965 928 2016 Ciceroli
947 1966 1049 2019 nificare
1065 1976 1138 2021 Antot

340 2030 383 2093 qui
393 2044 446 2089 tum
457 2047 531 2082 omne
539 2032 606 2083 suum
617 2031 718 2082 studium
728 2032 754 2081 dr
764 2045 862 2095 operam
872 2044 921 2093 pon
952 2043 977 2079 at
992 2032 1020 2081 in
1036 2033 1138 2085 convivi

339 2091 428 2143 tandit.
461 2099 614 2145 Balnearum
627 2110 707 2146 autem
727 2095 787 2145 dixit
808 2108 851 2159 pro
875 2094 1070 2147 convivatorern.
1098 2112 1138 2147 naa

340 2154 403 2204 olim
413 2157 594 2216 motiselset,ut
604 2160 667 2222 prius
676 2160 782 2211 conviva
794 2155 817 2205 se
828 2157 934 2206 lavarent
941 2191 948 2215 ,
955 2172 1034 2220 quam
1043 2158 1076 2208 ad
1086 2160 1138 2227 εμὲ

341 2217 492 2270 mitterentur
505 2256 512 2279 ‚
527 2220 634 2271 solebant
651 2221 754 2288 magistri
770 2220 933 2269 conviviorum
947 2222 976 2270 iis
993 2220 1138 2289 balnea'pra

342 2293 406 2341 quos
418 2283 447 2331 ad
460 2299 550 2335 caenam
566 2299 605 2335 aut
616 2284 647 2335 ad
658 2285 783 2359 prandium
793 2281 917 2334 vocabant.
934 2283 991 2333 inde
1002 2286 1138 2337 Horatiuat

342 2343 444 2405 prabere
458 2346 518 2398 dixit
540 2364 583 2412 pto
596 2350 709 2398 convivio
723 2349 849 2411 accipere.-
867 2351 905 2395 De
925 2349 1047 2399 conviviis
1068 2355 1138 2409 Anto

343 2405 408 2457 idem
419 2411 502 2461 audior
510 2412 610 2475 epistola
620 2429 642 2469 3.
658 2412 712 2461 libri
726 2412 812 2470 hujus:
829 2410 922 2457 odorare
936 2425 1029 2469 tamen,
1046 2412 1129 2477 inquit

341 2475 399 2518 tottii
408 2473 528 2529 arduam,
545 2491 607 2539 quem
616 2477 704 2539 quidem
713 2492 746 2537 ega
757 2477 868 2537 epularum
881 2476 950 2536 magis
959 2476 1057 2524 arbitrii·
1066 2478 1138 2525 ratior

340 2535 388 2580 bere
403 2535 471 2598 quaint
480 2543 605 2648 ἕκίιφιιιιι
619 2541 675 2585 mali
688 2545 785 2602 cogitare.
802 2534 889 2584 Bofius.
922 2538 970 2598 Qui
984 2537 1046 2605 saepe
1062 2540 1138 2589 couvi

341 2598 470 2647 balneatores
497 2603 525 2650 ici
538 2599 620 2665 poffe,
637 2601 703 2666 quod
718 2603 852 2650 lavarentur
867 2600 1005 2663 priusquam
1016 2604 1138 2655 convivan

344 2661 431 2709 mirum
442 2663 484 2726 qul
497 2665 539 2712 ulli
547 2667 648 2729 potuerit
658 2668 684 2715 in
693 2679 800 2714 mentem
812 2663 898 2712 venire.
929 2666 1041 2715 Romani
1056 2681 1138 2721 ornne

345 2736 419 2785 quam
430 2726 551 2775 cauabant
564 2726 607 2776 nist
618 2729 681 2786 loti,
698 2729 745 2778 hoc
754 2726 801 2784 est,
817 2725 925 2837 Ἅυοῑίἀίο
934 2720 1102 2789 lavabantur,
1116 2729 1138 2781 li·

344 2800 462 2837 canarent
473 2823 480 2846 ,
496 2788 543 2839 live
554 2793 752 2846 convivarentur,
769 2805 818 2855 quo
839 2802 933 2857 ‘norunt
944 2805 1044 2853 quoque
1055 2796 1103 2857 qni
1112 2810 1138 2845 nt

345 2863 390 2909 ere
404 2851 520 2902 lavantur.
552 2857 656 2904 Retineo
676 2869 781 2904 veterum
795 2852 909 2901 librorum
924 2850 966 2903 scri
994 2869 1066 2904 urant
1084 2872 1138 2923 ,qn

345 2912 406 2962 Ball.
418 2916 444 2964 δι
455 2915 556 2966 llelmst.
567 2931 644 2967 tuetur
660 2952 667 2975 ,
682 2921 707 2965 ab
718 2922 817 2965 aleatore.
839 2916 926 2966 trullus
985 2917 1024 2966 ito
1034 2922 1138 2971 Antoni

345 2976 440 3041 telligi,
455 2981 531 3042 quint
543 2982 658 3032 conviviis
669 2981 701 3030 fic
710 2982 765 3030 alea
775 2980 820 3027 fuit
830 2978 936 3037 deditus,
951 2982 1067 3043 quamvis
1087 2998 1138 3033 nen

346 3037 370 3111 ci
380 3041 572 3111 exprobrarit‚ut
584 3045 659 3111 Julius
670 3044 747 3093 Cacsar
759 3043 847 3093 amima
853 3042 954 3091 Antonii
964 3044 1138 3097 contumeliol

346 3100 431 3171 dicitur
441 3118 456 3152 a
466 3108 579 3163 Catullo,
612 3110 703 3157 uamvis
714 3108 780 3167 hujus
792 3106 843 3156 vitii
853 3121 903 3154 reus
916 3121 968 3155 non
984 3120 998 3153 a
1017 3122 1074 3158 atur
1090 3108 1138 3161 abl

344 3178 388 3211 cta.
405 3166 495 3216 Viriola
505 3168 554 3218 haec
570 3124 643 3220 legio
657 3188 672 3219 a
685 3173 816 3227 balmatore,
831 3184 903 3230 quam
917 3185 988 3218 nonn
1016 3172 1035 3222 li
1054 3171 1133 3225 duat

345 3226 491 3298 membranis
499 3232 647 3284 invenemnt.
673 3248 726 3283 orta
737 3233 793 3283 esta
809 3232 977 3295 depravatione
991 3233 1138 3289 libratiorun

343 3291 416 3352 ptrmi
429 3288 565 3355 scripserunt
584 3313 598 3343 a
613 3299 732 3353 lateatne,
749 3297 815 3361 quod
826 3311 881 3344 cum
889 3310 942 3344 uon
952 3297 1138 3364 intelligerent,

342 3365 427 3405 “aunt
435 3352 461 3405 id
471 3355 498 3408 in
506 3373 521 3404 a
530 3361 655 3415 animatore.
671 3362 785 3425 Gravius,
816 3359 901 3428 Φνρμὄι
911 3362 1007 3423 nonin]
1026 3364 1138 3427 Collfilfi·
