2296 3900
176 109 369 185 Eusn
411 70 951 213 AnArrrcou1U7

342 297 607 361 nprsronn
642 297 690 345 ιι

279 443 464 504 CICERO
491 442 688 504 ATTICO
715 443 743 503 S.

67 599 318 711 cussinis
347 597 401 659 esse
427 598 520 669 facile,
554 608 649 658 toturn
670 597 709 659 est
727 596 824 667 aliud,
843 596 949 674 posteri

140 674 226 753 quim
240 674 332 735 sumt
353 688 382 735 te
403 674 580 752 zdijunetior.
620 674 667 735 sed
688 675 741 733 suit
770 676 971 746 faciendumst
985 694 1086 745 anm.

69 767 105 814 ut
131 754 162 811 &
189 751 385 811 constituerem
407 764 434 807 4¹
448 750 618 811 mercedulas
642 751 813 827 praediorum
831 793 839 821 ,
860 754 889 810 &
909 757 1065 817 neiuntlior.

70 847 119 890 ma
160 847 210 887 um
237 847 308 888 onus
327 829 507 888 observantiae
527 828 614 887 Bruto
636 827 730 887 nostro
759 829 946 902 imponerem.

69 924 111 995 po
134 907 186 965 hac
200 906 276 964 enim
297 907 449 981 poterimus
470 904 648 964 commodius
668 904 761 964 colere
785 906 875 963 sinter
895 921 969 963 nosc
983 905 1085 982 iurare

69 1001 102 1043 ιιι
116 981 286 1042 Tusculano.
323 983 380 1042 hoc
394 996 488 1041 autern
499 994 632 1056 ¹tempore
647 1024 656 1051 ,
676 982 742 1039 cum
755 981 800 1040 ille
815 999 862 1039 me
873 971 1005 1057 quo-⁴²¹⁸·

49 1076 52 1081 ·
70 1059 141 1118 tidie
155 1059 249 1117 videre
264 1058 365 1126 vellet,
383 1059 459 1134 bego
474 1060 509 1117 ad
522 1059 599 1117 illum
615 1060 654 1116 ire
668 1075 728 1117 non
750 1054 875 1134 possem,
888 1047 971 1191 gri·b
987 1050 1013 1097 &
1029 1060 1078 1111 ²8⁰

72 1135 189 1194 sabatur
202 1136 282 1194 omni
297 1135 481 1194 delectatione
496 1134 655 1193 Tusculani.
692 1148 724 1192 tu
737 1136 835 1210 igitur,
855 1133 875 1191 si
907 1114 1006 1192 er-⁴¹¹'¹'·

72 1212 139 1271 uilia
152 1214 276 1282 venerit,
296 1211 426 1270 fiBrutus
439 1211 507 1288 quid
521 1213 630 1286 egerit,
649 1212 734 1269 etiam
756 1210 776 1268 li
797 1211 947 1269 constitue·

72 1289 128 1358 rit,
146 1288 258 1364 quando
272 1289 401 1348 obviam:
422 1288 558 1365 quidquid
571 1288 692 1364 denique
708 1289 758 1346 erit
774 1329 783 1354 ‚
802 1286 880 1363 quod
895 1287 946 1344 sci·
1009 1302 1012 1307 ·

76 1381 106 1424 re
122 1382 169 1423 me
183 1358 330 1440 oporteat>
346 1364 451 1425 scribes.
480 1364 625 1433 Pisonem,
645 1365 666 1425 li
679 1364 799 1438 potetis,
819 1373 1070 1435 econio-cpont*

72 1442 144 1500 nies.
180 1442 282 1511 vides,
307 1440 394 1576 {uim
421 1453 560 1502 maturum
581 1440 623 1501 fit.
661 1439 707 1500 sed
727 1452 847 1510 tamen,
869 1426 1065 1515 quod¹¹¹³⁵“¹'·

76 1517 236 1577 commodo
250 1529 301 1578 tuo
335 1530 371 1577 at.
856 1598 875 1643 E
893 1597 908 1641 1>
925 1599 937 1643 1

74 1758 202 1807 civitatem
218 1756 397 1810 Atheniensium
418 1759 526 1817 adscito,
551 1763 576 1811 dt
598 1775 649 1809 nou
665 1758 801 1825 indigena,
821 1770 847 1807 ut
867 1757 951 1821 reliqui

74 1819 255 1879 Athenienses,
271 1822 383 1888 quodque
394 1821 480 1887 spurius
491 1820 566 1881 effes,
582 1824 608 1872 dc
624 1824 712 1871 incente
728 1836 804 1871 matre
820 1822 876 1883 (nec
892 1821 950 1870 dum

74 1885 145 1934 enim
156 1897 258 1934 matrem
269 1886 382 1951 agnocat)
398 1899 458 1935 ante
464 1886 536 1935 xuthi
546 1900 579 1935 nu
605 1885 640 1933 ias
650 1885 734 1935 editus.
765 1887 846 1947 itaque
861 1886 883 1932 le
898 1899 950 1932 me·

75 1961 158 2004 tuere,
174 1963 205 1997 ue
216 1963 247 1997 eo
262 1951 362 1999 nomine
376 1945 557 1999 Atheniensibus
572 1898 689 2012 ‹ssspediui
704 1943 769 1996 eli'et.
801 1947 887 1995 idcirco
904 1950 949 1997 mi·

74 2026 131 2062 cum
143 2011 217 2060 videri
228 2026 279 2061 non
289 2011 387 2071 debere,
402 2012 515 2062 sianimo
538 2008 594 2060 esl'et
617 2010 768 2058 consternato
782 2007 889 2083 facieque
910 2024 951 2072 pa-

75 2089 131 2125 rum
146 2074 221 2124 hilari.
237 2077 301 2140 prius
311 2091 368 2125 vero
378 2075 452 2141 quim
461 2088 553 2141 patrem
562 2089 592 2122 co
609 2070 719 2130 nevisset,
729 2072 779 2121 hec
790 2085 873 2121 omma
883 2070 952 2135 sepa-

75 2152 131 2251 rduign
143 2136 243 2252 teignis?
259 2137 361 2206 ideoque
371 2152 480 2190 oretunc
494 2134 564 2186 fitiffe
590 2151 662 2186 ereno
680 2148 753 2202 atque
764 2137 828 2186 lcto.
861 2135 953 2199 Euripi·

130 2216 147 2251 v
187 2218 201 2252 a
221 2214 278 2251 unt:

57 2278 64 2292 ·
218 2264 256 2313 oi
271 2264 357 2314 caucin
368 2258 436 2319 rid&
449 2266 554 2323 φαίνηται
570 2267 616 2314 nu't
631 2263 776 2327 πραγμύτων

61 2372 68 2383 ,
223 2328 344 2386 rspice-hu
353 2327 434 2386 irent,
449 2328 551 2389 ippodes
565 2329 590 2376 τ’
602 2327 719 2385 iporcium.

76 2385 127 2437 Ubi
137 2387 373 2439 animcdvertendum
388 2389 421 2438 cst
437 2394 523 2439 caveis
537 2392 617 2439 Attice
631 2391 722 2440 didcum
738 2390 785 2441 ell'e
818 2406 845 2441 to
855 2388 929 2439 esoni
943 2423 953 2445 ,

77 2463 106 2499 ut
117 2464 205 2500 norunt
215 2467 300 2502 omnes
312 2454 353 2518 qui
365 2456 447 2503 Graece
462 2451 544 2503 sciunt.
578 2457 692 2503 Ceterum
710 2456 746 2502 his
761 2407 837 2503 versis
853 2451 955 2500 indicare

78 2513 159 2563 voluit
170 2515 255 2565 Cicero
267 2516 410 2565 Marcellum
421 2514 541 2579 presencie
553 2520 662 2582 Magium
679 2517 786 2581 repulisse
799 2529 871 2579 opem
885 2516 892 2562 i
910 2512 956 2562 fios

79 2576 259 2641 implorantem.
276 2582 342 2627 Nam
352 2594 407 2628 cum
418 2578 547 2627 Marcellus
557 2594 600 2641 pro
615 2581 697 2645 Magio
711 2581 775 2627 Sunii
785 2581 872 2626 interce
901 2574 954 2633 liet,

80 2642 107 2689 δι
121 2638 198 2688 adhuc
208 2643 257 2700 ejus
275 2641 427 2691 creditoribus
442 2656 472 2690 ex
488 2641 571 2705 sponsu
586 2641 705 2706 obligatus
722 2641 796 2697 effer,
819 2643 952 2702 iterumque

80 2703 177 2767 Magius
188 2704 312 2753 abeodem
325 2706 441 2754 Marcello
452 2716 555 2769 peteret,
570 2718 596 2753 ut
606 2703 647 2754 sibi
660 2707 769 2770 pecunias
779 2704 895 2756 crederet,
911 2715 952 2750 aut

79 2779 146 2814 certe
155 2780 199 2831 pro
214 2765 237 2816 se
252 2766 393 2831 sponderet,
412 2769 587 2832 Marcellusque
597 2768 748 2818 intellexisset
769 2782 824 2816 eum
840 2780 890 2815 non
905 2762 953 2813 else

79 2826 217 2885 solvendo,
233 2829 367 2879 constanter
376 2829 417 2895 ipsi
428 2829 567 2894 respondit,
589 2830 612 2878 se
629 2848 678 2879 non
695 2828 778 2896 polle,
795 2827 892 2894 cogniti
904 2829 954 2886 ejus

79 2890 185 2966 inopi-s,
200 2892 285 2941 eodem
299 2895 366 2941 vultu
382 2909 437 2942 euru
459 2894 561 2967 intueri,
577 2909 626 2957 quo
642 2891 717 2956 ipsum
733 2907 803 2941 antea
817 2893 955 2956 aspexerat,

79 2952 955 3083 1111111111ιῇιὲ111ιξ1ῗ1111111ι11ῗ’1112

80 3094 112 3128 eo
127 3081 191 3130 Sunii
207 3082 374 3147 spoponderat.
397 3082 476 3138 Bofius.
509 3079 627 3131 Assentior
639 3081 722 3141 uofio,
734 3082 860 3131 resliruentl
873 3095 954 3131 veram

80 3143 221 3194 lestionern.
254 3147 315 3196 lllud
328 3144 409 3200 addo,
426 3145 475 3192 hac
489 3143 559 3193 verbs
577 3142 667 3207 prorsus
684 3145 714 3191 ad
731 3147 825 3194 initium
835 3145 953 3208 sequentis

80 3205 186 3269 cpisiolae
197 3209 326 3270 pertinere,
342 3222 392 3256 non
404 3206 434 3256 ad
444 3207 518 3256 finem
530 3206 600 3256 iilius.
635 3206 703 3256 Nihil
720 3209 766 3257 hoc
781 3210 876 3265 certius,
893 3207 954 3257 nihil

81 3272 168 3320 vetius.
202 3273 288 3332 Caficleb.
887 3316 891 3325 ,

114 3347 155 3392 41.
173 3335 305 3381 Mercedusas
313 3336 462 3397 prediorum]
473 3338 559 3398 Supra:
572 3337 629 3382 Mili
634 3338 747 3398 Arpinum
753 3336 844 3382 eundum
854 3335 896 3387 ess:
908 3353 960 3385 nm»

82 3395 352 3457 opusestcmstitur'anohis
359 3399 401 3443 isla
408 3398 519 3460 prediola.
529 3400 673 3445 Merccdusas:
680 3397 860 3462 vediigahquod
868 3414 897 3448 ex
904 3408 961 3464 prl-

81 3455 180 3508 diorum
190 3459 442 3526 locationecepiehatt
459 3473 485 3513 ut
496 3476 532 3526 ep.
547 3477 584 3516 ιο.
600 3461 643 3514 lib.
654 3475 705 3515 xri.
729 3465 823 3513 ciceroni
839 3465 960 3511 verimuac

504 3530 529 3574 Χ
536 3542 613 3573 xxxx
910 3533 960 3581 pre·
