2296 3900
158 142 354 215 Erre'm
396 163 470 211 ar>
514 148 818 216 Arrrcum.
865 146 946 234 1857

49 254 155 315 luerim
168 263 255 313 0ante
269 267 312 310 res
327 248 464 326 prolatas,
483 264 521 308 ne
535 248 657 309 deserete
672 249 780 310 viderer
801 252 877 310 hunc
891 270 958 320 ιω,
978 272 1093 325 eunom·

49 349 119 391 rum
139 342 309 394 tumorem;
347 326 428 385 ¹⁶cui
450 327 526 385 certe
546 325 567 385 fi
587 322 696 401 pulsem
716 326 824 387 mederi
842 327 1063 398 deeffepraeclaror

49 426 116 467 non
141 404 284 467 deberem.
323 402 370 463 sed
391 402 468 462 vides
490 402 683 479 magistratus,
710 402 730 461 si
760 404 873 479 quidem
897 401 991 466 illisu·

49 484 224 561 magistratus
240 502 247 540 :
269 480 345 539 vides
359 492 454 538 tamen
469 481 580 555 tyranni
600 478 724 539 satellites
744 480 773 539 in
787 482 907 557 imperiis
921 506 932 553 3

49 560 134 620 vides
148 559 274 636 ejusdem
289 557 442 624 exereitus;
453 556 529 615 vides
543 558 571 615 in
586 556 670 614 latere
685 568 830 617 veteranos
838 582 847 627 ;
868 577 933 635 quae

52 636 119 697 sunt
145 635 270 705 stirme
298 632 417 692 nonna
432 638 444 691 ἰ
481 651 529 692 eos
551 643 665 702 autem,
689 634 737 708 qui
759 635 831 693 orbis
851 649 954 703 terraep
969 639 1053 691 omnia

53 713 186 775 custodiis
202 724 297 771 Ι7ιιοιι
310 708 399 770 modia
413 709 498 787 septi,
521 708 654 771 ¹⁸veritm
668 712 752 770 eriam
770 714 864 789 magni
879 703 992 850 ‘3⁶st
1004 706 1029 751 ¹⁴¹⁵

909 808 937 849 e-
992 801 999 817 ·

54 984 100 1031 ta,
116 975 261 1038 perturbatio
270 990 367 1042 magna.
385 976 488 1039 eupeele.
505 990 541 1040 ep.
549 992 571 1031 9.
588 973 628 1025 lib.
637 986 672 1027 vr.
690 977 776 1025 renea.
802 974 934 1025 Fortelcri·

53 1034 165 1088 bendum
176 1040 244 1097 φιμὸς
256 1044 334 1093 nelle.
353 1042 422 1101 φιμὸι
432 1040 497 1093 enim
510 1039 543 1089 est
559 1054 664 1104 pyrgus,
680 1037 809 1096 fritillum,
826 1040 851 1087 in
867 1040 934 1103 quod

55 1102 153 1151 rell'eras
161 1102 286 1153 mittebant
297 1104 421 1153 aleatores.
440 1108 523 1153 Horat.
535 1102 576 1152 lib.
585 1119 617 1151 ιι.
635 1107 708 1153 serere.
715 1119 738 1159 7.
754 1104 804 1166 Qu·
812 1115 851 1165 pro
857 1104 881 1163 se
891 1108 937 1149 tel-

54 1164 110 1212 leree
120 1180 183 1229 arque
193 1170 292 1217 Mitteret
302 1170 326 1213 ier
333 1170 431 1230 phimum
442 1169 515 1224 tales„
537 1168 573 1214 Sic
584 1170 650 1215 MSS.
663 1171 735 1215 Vetus
753 1164 891 1215 scholiastes
903 1166 934 1231 ed

55 1226 100 1275 ista
120 1227 242 1292 JureuaIis
256 1231 282 1280 in
297 1244 350 1281 xlv.
368 1235 468 1295 Satyra:
490 1235 603 1294 Parveque
622 1230 696 1276 eadem
715 1243 871 1277 movererme
883 1230 934 1289 fr'i-

52 1293 113 1403 ‘susi
146 1295 261 1341 Fritilleem
273 1327 281 1352 ,
295 1292 393 1358 inqiut,
416 1296 482 1351 Pyxie
498 1311 590 1352 cornea,
606 1308 651 1356 que
662 1292 744 1354 fimum
759 1295 841 1341 dicitur
852 1295 932 1344 Geeee.

75 1367 95 1404 rt
114 1370 178 1407 mus:

90 1427 127 1469 16.
144 1423 184 1467 Ceei
192 1420 246 1469 certi
253 1421 274 1480 fi
287 1421 362 1483 peffem
373 1421 470 1477 mederi,
488 1419 551 1480 edrffe
565 1437 605 1465 nen
615 1418 728 1478 deberem]
758 1422 853 1467 Veteres
865 1418 932 1469 codi-

51 1495 92 1531 ω
106 1484 159 1542 deffe
172 1501 213 1530 non
233 1485 335 1534 deberem.
368 1488 422 1533 Nos
442 1481 604 1548 castigavimus
618 1482 700 1542 deeffe:
718 1481 931 1534 animadvertimus

49 1547 120 1595 enim
131 1547 157 1594 in
166 1545 266 1595 infinitis
277 1544 342 1612 pene¹
349 1546 409 1595 loeis
419 1545 543 1597 eaduabus
553 1545 673 1593 vocalibus
684 1546 815 1604 conjuretis
827 1547 928 1596 alteram

49 1606 197 1673 suppressam
208 1607 262 1660 else.
294 1613 370 1669 Huius
385 1612 418 1659 rei
434 1610 500 1673 plura
516 1608 629 1658 babemus
643 1610 771 1672 exempla:
786 1624 860 1657 unum
875 1625 927 1658 non

48 1670 130 1733 longi·
143 1674 249 1735 petitum.
266 1687 323 1721 nam
333 1674 358 1721 in
369 1672 412 1721 bae
422 1671 470 1735 ipsa
481 1672 579 1735 epistula
590 1671 679 1731 custodis
708 1687 733 1720 ιο
743 1672 843 1730 custodiis
853 1672 928 1722 iidem

49 1733 149 1784 codices
161 1733 291 1783 habebant:
309 1733 440 1798 quodcum
451 1736 536 1797 aliquis
546 1749 596 1782 non
607 1688 820 1791 animadvertisset,
836 1738 927 1795 custodes

50 1796 193 1861 castigavit,
209 1812 240 1846 an
252 1799 375 1861 eurmpitl
391 1798 444 1861 quis
459 1800 523 1845 enirn
535 1812 586 1845 non
595 1796 688 1852 rideat,
699 1799 802 1858 antiquis
819 1801 927 1849 maxime

49 1860 232 1923 exemplaribus·
243 1857 440 1925 suffragantibus,
461 1861 578 1921 custodiis,
603 1859 731 1922 legendum
745 1859 812 1909 effe?
834 1865 929 1911 Fatetur

49 1922 121 1975 suurn
132 1920 238 1973 officium
248 1922 317 1973 fuisse
331 1958 338 1980 ‚
355 1921 373 1973 fi
384 1921 473 1972 mederi
482 1920 572 1987 posset,
586 1938 637 1970 non
648 1922 726 1971 deesse
738 1924 769 1971 rei
788 1960 795 1974 .
807 1925 832 1972 δι
845 1925 880 1971 illi
891 1940 929 1973 re·

49 2002 104 2037 rum
118 1989 219 2045 tumori,
236 1989 278 2052 qui
288 1988 403 2036 excitatus
413 1982 487 2034 esset:
504 1986 578 2049 quam
599 1999 681 2034 tamen
697 1938 802 2035 remedia
818 1984 924 2035 difficilia

49 2048 99 2100 sint
114 2051 225 2114 explicat.
259 2055 323 2115 Saepe
336 2047 368 2103 fic
383 2049 502 2114 loquitur,
517 2061 543 2098 ut
555 2049 601 2097 hoc
612 2047 663 2114 ipso
673 2049 698 2097 in
710 2047 790 2105 libro,
806 2062 861 2096 curn
869 2064 928 2097 ean-

49 2113 108 2163 dem
119 2112 258 2165 sententiam
269 2126 413 2179 exponeret:
429 2113 570 2176 Imprudentia
581 2114 673 2174 periculi
687 2114 785 2159 nonnihil
799 2115 872 2159 virere
887 2115 928 2159 vi·

49 2178 116 2235 deor,
126 2180 166 2237 sed
178 2178 265 2238 cesterna
281 2183 305 2225 in
318 2180 419 2241 aliquam
438 2180 617 2239 vituperationem
638 2210 645 2233 ,
687 2175 729 2222 uid
749 2179 801 2238 reip.
817 2175 926 2233 defuerim

49 2253 97 2287 ram
108 2245 287 2304 gravitempere.
303 2239 630 2304 Ervulgataleerioneuibil
663 2240 669 2251 ”
698 2239 842 2305 irreptum&
857 2237 929 2305 frigi·

49 2302 111 2353 dum
121 2302 224 2367 intelligi
234 2317 333 2367 poterat.
368 2307 445 2353 Villae.

86 2383 124 2421 17.
142 2373 189 2413 Nen
203 2370 264 2414 mede
275 2369 350 2429 septi]
378 2374 426 2416 Non
440 2368 500 2415 medo
516 2365 553 2415 hic
568 2363 684 2430 fignificat
702 2385 743 2414 eren
753 2367 813 2414 medo
824 2383 883 2422 nen,
899 2377 927 2415 ut

49 2430 119 2495 supra
130 2427 227 2492 epistola
235 2446 256 2480 2.
273 2429 313 2481 lib.
321 2446 355 2480 lv.
371 2433 399 2478 ld
414 2449 455 2477 nen
469 2433 530 2479 mede
545 2432 672 2493 negligentia
689 2448 760 2486 mee,
777 2431 815 2491 sed
825 2447 850 2475 ne
866 2447 929 2475 eccu-

49 2496 135 2557 pationi
144 2495 232 2555 quidem
242 2495 331 2542 tribues.
349 2495 375 2543 δι
385 2494 411 2541 in
423 2498 537 2549 Oratore,
553 2502 611 2541 Nam
626 2508 651 2541 ret
667 2495 812 2557 impuberum
823 2504 927 2554 apparen-

49 2560 85 2607 eie
100 2572 141 2602 nen
157 2556 176 2608 se
190 2556 292 2619 spurcum
303 2557 394 2617 seium,
414 2557 453 2616 sed
470 2560 536 2603 etiam
551 2560 664 2619 elegantem
680 2557 726 2605 diei
740 2559 819 2603 velet:
837 2552 925 2612 idest,

49 2634 104 2671 non
115 2618 193 2669 solum
203 2634 253 2667 non
265 2618 378 2684 spurcum.
394 2619 502 2668 Tibullus
514 2634 628 2682 quoque:

88 2688 93 2697 ¹
190 2682 246 2741 Jem
256 2684 317 2729 mede
326 2702 367 2731 nen
380 2684 459 2744 peffuen
470 2697 574 2739 centenius
584 2688 661 2730 viuere
673 2695 755 2746 parve,

221 2752 264 2792 Nee
275 2747 355 2809 semper
367 2749 429 2809 longe
445 2747 529 2793 deditur
543 2747 580 2807 effe
594 2751 656 2802 νίας

190 2810 235 2857 Sed
248 2812 308 2855 canis
322 2810 403 2868 estivei
417 2822 474 2857 ortus
490 2813 562 2856 uitare
574 2809 614 2870 feb
624 2809 700 2857 umbre

223 2876 340 2929 Arboris,
356 2874 386 2919 ed
399 2875 459 2918 rivet
473 2881 617 2934 pretereuntes
631 2888 699 2933 eque.

49 2933 144 2985 Eadem
155 2932 272 2999 loquendi
282 2937 374 2984 ratione
383 2950 442 2983 mox
452 2934 491 2983 hic
501 2936 582 2985 nullon
593 2934 699 2998 subjicit,
714 2948 800 2984 tenram
809 2952 863 2991 nen,
879 2944 926 2998 pro

49 3013 244 3050 uenientumnen.
277 2996 367 3048 Bofius.

82 3071 119 3111 re.
138 3060 215 3109 Verlm
224 3066 290 3111 etiem
300 3067 355 3124 vege·
362 3062 400 3122 effe
411 3061 529 3120 dolebam]
543 3063 661 3112 veram&
669 3074 758 3113 certam
769 3061 807 3110 bic
817 3061 926 3115 effeMa·

49 3138 99 3175 nut.
114 3126 276 3184 comesturam
292 3124 395 3174 declarat
405 3123 672 3190 baecscripturaDecurt.
681 3128 773 3188 vegiffi,
790 3125 829 3175 ubi
839 3125 925 3179 omissa

49 3188 146 3239 tantum
156 3189 190 3239 eil
202 3204 249 3238 una
260 3191 350 3238 littera:
367 3186 432 3237 scribi
444 3190 509 3236 enim
521 3186 618 3244 debuit,
634 3194 688 3252 vagi
702 3193 759 3250 effe,
774 3203 799 3238 ut
814 3193 926 3251 conjece·

49 3264 84 3300 rat
97 3257 190 3303 Manut.
207 3252 347 3303 lnTornal.
360 3251 484 3316 aliquanti>
494 3251 643 3315 depravarius
655 3252 703 3310 est,
712 3253 803 3315 megeffl.
820 3256 925 3316 priusle·

65 3313 160 3371 ebatur,
177 3321 251 3380 magni
261 3318 359 3363 delebant
369 3318 420 3376 effe,
436 3316 501 3379 quod
513 3331 562 3363 non
574 3314 683 3379 placebat
695 3313 924 3369 manunuessarion.

49 3329 122 3432 fiber,
137 3382 204 3441 magis
213 3382 306 3429 edebant.
324 3380 410 3429 cleric.
444 3383 588 3425 Verumetiam
598 3383 652 3443 vagi
660 3379 719 3441 effe]
733 3383 791 3429 Nou
801 3380 926 3444 repudian-

49 3439 79 3489 da
92 3450 197 3488 veterum
207 3441 322 3491 librorum
333 3443 406 3492 leblio
420 3458 426 3491 a
443 3459 520 3490 verum
529 3446 596 3489 etiam
607 3448 681 3505 magei
693 3443 731 3505 effe
741 3444 845 3494 deame.
877 3444 926 3491 boe

49 3503 75 3556 est
89 3536 98 3563 ,
116 3504 158 3566 qui
169 3506 307 3559 anamodo
322 3507 432 3559 omnium
449 3506 589 3559 monalium
606 3503 687 3561 stadiis
699 3540 708 3569 ,
722 3506 778 3573 quia
789 3506 926 3616 scilieetboe-

466 3577 558 3621 secere
887 3578 926 3616 em
