2296 3900
238 108 321 191 '¹93²
402 103 544 173 lamna
585 102 1002 187 Qutuausnuciuus

237 215 365 282 senatum
379 238 500 292 vocare,
527 237 566 296 po
585 219 664 279 ulum
684 218 830 279 ardentem
852 217 946 279 studio
973 220 1122 287 vehemeni

92 300 103 351 t
116 296 213 364 uffipe·
240 293 294 355 tius
307 298 422 359 incitare
430 237 691 373 ,toum1lbscipere
704 296 907 372 rempublicam
916 316 925 355 a
933 298 1074 360 exclamat
1080 314 1121 363 tua

90 362 206 421 ¹⁸⁰¹7·F·
243 372 407 435 familiaris:
427 378 474 433 boc
489 375 552 432 verb
569 376 700 433 neminem
714 394 848 451 umquam
867 374 975 435 audivi.
1014 392 1072 452 ego
1086 396 1121 439 tt·

90 429 189 478 ΕΜ·
242 449 331 525 pressi.
369 452 416 512 sed
437 454 467 511 &
488 452 591 510 Caffius
610 452 681 510 mihi
702 450 846 510 videbatur
867 452 979 509 iturus:
1009 453 1120 527 (etenim
1143 461 1147 472 '

242 526 356 587 Servilia
370 528 549 606 pollicebatur
561 528 588 586 se
604 540 759 586 curaturam
775 569 785 596 ,
806 536 838 585 ut
857 526 903 585 illa
925 528 1066 589 frumenti
1080 550 1120 591 cu·

241 604 313 662 tatio
328 605 364 664 de
385 604 493 665 senatis
513 604 640 663 consulto
659 603 813 677 tolleretur)
834 604 865 661 δι
886 604 984 663 noller
1007 605 1067 665 citi>
1080 610 1120 667 de·

239 678 330 755 jeetus
345 680 383 740 eil
396 682 432 741 de
445 682 492 741 illo
506 682 581 741 inani
595 682 732 740 sermone.
770 678 843 739 velle
864 681 947 739 enim
969 682 1000 741 se
1016 683 1119 746 dixerat

242 756 384 817 constituit
398 760 497 833 igitur,
516 773 547 817 ut
559 758 635 828 ludi,
653 756 764 817 absente
775 755 822 827 se,
841 754 946 817 fierem
967 758 1022 817 suo
1036 764 1118 821 uomi-

241 850 288 891 ne.
307 835 441 909 proficisci
455 849 550 895 autem
565 836 637 894 mihi
648 837 677 894 in
693 833 790 893 Aliam
810 834 961 893 videbatur
983 836 1021 895 ab
1041 837 1117 897 Antio

241 910 323 969 velle.
342 930 379 971 ne
391 912 502 979 multa;
523 911 590 971 nihil
603 914 694 971 mein
718 910 766 970 illo
787 910 914 981 itinere,
933 924 1041 985 praeter
1060 930 1115 973 tou·

240 982 401 1059 scientiam,
420 988 576 1049 delectavit.
612 988 764 1047 nonenim
785 986 839 1045 fuit
862 988 1114 1061 committendum,
1142 997 1146 1010 '

241 1074 274 1119 ut
292 1064 337 1121 ille
359 1084 394 1124 ex
415 1066 494 1125 ltalia
512 1066 608 1144 ptius,
637 1064 723 1143 quim
750 1062 766 1121 a
789 1080 837 1120 me
858 1078 1027 1123 conventus
1046 1062 1113 1136 effet,

241 1136 401 1202 discederet.
438 1142 494 1203 hoc
516 1142 632 1219 dempto
653 1155 770 1201 munere
798 1140 904 1200 amoris
926 1152 1018 1219 atque
1043 1142 1112 1203 officii

242 1212 423 1292 sequebatur,
441 1233 474 1279 ut
487 1237 601 1280 mecum
617 1219 688 1295 ipse:

90 1322 120 1362 m
139 1307 184 1356 dis·
322 1291 454 1365 ⁷⁸}rtetp'
474 1297 530 1364 ὁδός
543 1315 581 1352 σοι
596 1300 626 1353 τί
644 1296 754 1352 δύναται
766 1292 811 1351 νῦν
826 1291 1012 1365 noemam

91 1370 221 1432 &nvmin-
241 1369 347 1443 prorsus
361 1371 519 1433 dillolutum
534 1371 641 1434 offendi
654 1371 796 1447 navigium
812 1412 822 1439 ,
848 1370 896 1429 vel
909 1371 1007 1446 potitis
1020 1370 1110 1450 diffipa·

240 1458 311 1505 tum.
331 1450 399 1509 nihil
412 1451 544 1519 tonsile,
564 1452 633 1509 nihil
647 1451 772 1519 ratione,
791 1447 859 1507 nihil
873 1448 992 1507 ordine.
1029 1450 1062 1509 ita
1078 1468 1107 1509 ue
1137 1471 1140 1478 ’

90 1544 108 1578 u
121 1526 226 1606 ‹lult'aa-u
240 1522 290 1581 etsi
304 1542 341 1583 ne
355 1539 435 1584 antea
448 1527 563 1603 quidem
577 1526 740 1593 ”dubitavh
758 1538 855 1582 tamen
870 1541 953 1583 nunc
967 1528 1070 1587 eumin
1098 1568 1107 1597 ,

87 1604 173 1643 ‘Vm
180 1595 351 1660 ars-evolare
364 1602 446 1672 hinc,
466 1603 550 1680 idque
563 1600 787 1680 quamprimbm,
807 1599 854 1659 ubi

277 1746 299 1776 „
320 1715 374 1765 Nec
387 1716 419 1761 79
425 1706 607 1785 Pelopidarum
617 1710 718 1783 satia,
738 1726 818 1785 neque
832 1710 949 1777 lamam
961 1705 1078 1767 audiam.

239 1816 295 1877 Sed
307 1819 374 1878 heus
387 1830 438 1888 tu,
457 1838 493 1878 ne
511 1816 584 1879 forte
599 1817 632 1877 fis
645 1819 749 1879 nescius
764 1860 773 1887 ,
792 1816 942 1877 Dolabella
958 1838 1008 1881 me
1022 1816 1106 1879 fibile·

239 1895 316 1971 gavit
329 1912 353 1952 a.
368 1896 394 1955 d.
409 1915 452 1957 ιν.
468 1914 556 1955 nonas
569 1895 655 1971 April.
670 1896 697 1954 id
712 1895 781 1952 mihi
793 1894 854 1952 heri
876 1895 989 1971 vesperi
1010 1894 1106 1953 nuntia·

238 1982 300 2031 tum
315 1971 361 2033 ell.
380 1974 477 2034 votiva
494 1991 530 2033 ne
551 1973 599 2032 tibi
619 1972 732 2050 quidem
753 1968 887 2049 placebat.
927 1972 1039 2031 etenim
1060 1982 1107 2103 etat

1070 2062 1084 2104 a

232 2198 1049 2318 tttteutttettttllltttluttttuttltu
1078 2264 1106 2310 -..

231 2342 286 2377 mm
297 2327 440 2393 scripturam.
473 2334 517 2380 Sed
527 2333 728 2391 sanatmnvocari,
742 2330 843 2392 populum
857 2330 972 2375 ardentm
984 2328 1061 2383 studia
1073 2342 1105 2373 νι-

232 2393 348 2438 bematius
358 2396 447 2441 incitari
456 2393 542 2444 scilicet
553 2391 688 2459 oportuiss'e.
709 2394 745 2443 Sic
755 2393 781 2441 δι
791 2390 885 2440 Balliol.
898 2392 928 2441 δι
946 2388 1053 2441 Vistotii
1061 2388 1104 2439 tii·

233 2453 289 2509 tio,
303 2453 420 2518 ptobaute
430 2473 527 2522 quoque
537 2460 672 2507 Gaonovio.
704 2459 816 2505 Gravius.

263 2525 302 2573 78.
321 2520 402 2569 tt‘teu·
413 2520 481 2580 icta]
511 2527 605 2585 integer
615 2519 715 2569 leuaxius
726 2516 778 2573 est,
794 2518 900 2582 prolatus
911 2518 943 2567 ab
954 2516 989 2567 ali
1010 2512 1105 2581 umqui,

232 2579 263 2630 ad
274 2583 398 2631 oraculum
407 2583 540 2648 profeant,
557 2600 612 2633 eum
627 2580 762 2646 responsum
776 2583 881 2631 alienum
897 2578 929 2629 ab
946 2594 974 2630 tt
989 2532 1033 2630 pua
1047 2592 1105 2629 aete·

231 2642 318 2707 pilia,
339 2643 416 2695 secum
430 2647 477 2712 lpse
494 2647 631 2711 queaebatut
645 2648 689 2697 iter
703 2644 762 2694 illud
778 2644 859 2693 finilia
874 2640 1015 2706 susceptum
1036 2640 1104 2693 fitilla.

230 2707 309 2757 Potest
320 2723 399 2758 autem
411 2711 441 2759 ad
451 2713 529 2760 varios
545 2710 596 2760 usus
614 2708 810 2764 accommodati,
824 2706 897 2755 veluti
912 2709 1008 2756 Cieeao
1023 2704 1056 2755 de
1069 2702 1104 2755 lut
1144 2761 1147 2770 Ι

230 2771 260 2818 ad
282 2776 378 2820 Brutum
397 2776 481 2823 itinete
496 2776 592 2837 inquit,
622 2780 712 2833 Dcrnpto
733 2788 819 2819 munere
838 2772 920 2815 amoris
937 2784 1008 2833 atqu
1023 2768 1104 2831 officii,
1142 2785 1147 2806 ·-

228 2836 288 2898 quad
308 2841 373 2883 Bruto
394 2851 492 2885 convento
505 2837 618 2900 prestiti,
648 2852 697 2883 cum
722 2838 779 2881 nihil
796 2831 952 2895 proficuffim,
979 2832 1105 2897 sequelam

228 2910 254 2943 ut
270 2914 352 2946 mecum
367 2899 408 2961 ipse
427 2904 546 2962 captarem.
578 2904 625 2948 ltet
641 2898 688 2947 hoc
707 2896 763 2959 quid
780 2894 823 2945 tibi
838 2892 934 2959 prodest
951 2893 1104 2953 nune,idtm

228 2959 271 3010 lib.
280 2976 333 3012 xvi.
349 2970 408 3026 eps
434 2966 463 3013 de
473 2962 511 3013 sua
521 2962 670 3027 profeffioue
680 2962 704 3008 in
717 2962 840 3009 Gtaeeium.
873 2962 904 3007 Et
917 2970 975 3020 apte
986 2958 1103 3009 dicitutiu

228 3027 332 3088 eos‚qui
343 3024 472 3075 studiorum
488 3024 564 3075 caullal
580 3026 610 3073 ad
628 3023 767 3075 Academias
778 3018 838 3072 milli
848 3020 905 3069 inde
915 3020 1023 3071 redeunt
1033 3022 1103 3071 nihilo

227 3085 368 3144 doctiorem
384 3103 438 3146 aut,
453 3090 494 3151 qui
512 3088 608 3147 alicuius
627 3090 659 3137 tel
675 3086 773 3135 visenda
789 3082 917 3150 agendave
926 3082 1003 3135 causa
1013 3099 1102 3151 peregit

228 3148 344 3213 profeili,
360 3151 409 3201 fine
420 3152 495 3203 frutiu
506 3151 705 3202 &emolumento
716 3149 816 3199 domum
825 3160 984 3198 tevettuntut.
1003 3154 1089 3211 Popma.

265 3227 303 3269 79.
320 3218 490 3277 Pelopidarum]
521 3219 643 3265 Maletum
659 3216 753 3262 civium.
770 3228 806 3278 ep.
821 3227 857 3261 12.
873 3209 916 3261 lib.
931 3227 989 3263 xiv.
1019 3213 1102 3277 intepet

233 3276 335 3326 lentitius
345 3282 390 3326 eli:
407 3287 450 3328 Nec
461 3283 612 3342 Pelopidarum
620 3279 696 3335 falla,
711 3293 775 3340 neque
787 3278 875 3347 famam
884 3276 990 3325 audiam.
1008 3274 1060 3325 usut
1074 3272 1103 3323 est

234 3340 320 3389 Cicero
330 3341 415 3391 eodem
426 3341 492 3391 versu
502 3346 527 3392 ὃ(
538 3344 563 3391 in
576 3340 674 3405 epistola
686 3339 715 3388 ad
727 3340 845 3395 Curium,
861 3335 901 3387 ub.
909 3353 959 3387 vu.
979 3342 1104 3389 Pamma-

232 3404 289 3451 tatis
300 3404 423 3467 paullisper
435 3405 524 3462 verbis,
540 3404 656 3455 senteutii
666 3418 748 3452 tamen
759 3406 784 3453 δι
800 3401 871 3451 metti
885 3402 985 3451 tatione
1000 3400 1101 3457 servata,

230 3464 276 3518 fic:
294 3474 336 3517 Nec
347 3471 498 3532 Pelopidarum
509 3486 598 3529 namen,
613 3483 678 3533 neque
683 3467 747 3528 seila
757 3467 857 3520 audiam.
872 3466 895 3517 P.
904 3468 1006 3517 Manat.

997 3536 1036 3581 ιο.
1052 3528 1104 3593 Qu
