2296 3900
174 128 367 207 Etr-ror.
410 137 482 189 an
523 134 826 195 Mrrcum.
868 121 957 209 1885

70 234 170 313 arquis
190 234 266 294 enim
294 233 394 290 audeat
419 231 557 303 laudare,
602 233 742 310 propofita
772 228 857 293 cnice
879 232 974 298 bauto
989 243 1092 303 auvert

71 306 159 372 saxo?
178 310 327 387 prasertim
342 309 424 368 tantis
437 308 588 383 plaufibur,
608 321 685 369 tanta
693 310 893 386 approbatione
904 311 950 371 in·

73 384 227 448 fimorum?
249 387 359 455 Nunc,
379 386 420 443 mi
433 386 546 457 Attice,
565 388 671 445 mefac
685 399 717 445 ut
732 385 868 462 expedias.
901 404 950 447 cu·
993 396 1018 443 r.
1039 395 1069 455 l,

71 466 122 542 pio
139 508 148 532 ,
168 464 233 523 crim
251 462 337 523 Bruto
352 462 444 520 nostro
459 461 564 523 affatim
582 462 760 523 satisfecerim
778 504 788 532 ,
807 479 952 524 excurrere

73 544 105 600 in
119 542 270 599 Graeciam.
291 539 385 615 magni
401 538 512 597 interest
526 540 687 609 Ciceronis,
706 541 758 599 vel'
765 555 831 597 mea
843 538 951 615 potiit,

75 616 122 676 vel
136 616 295 677 mehercule
311 615 469 691 utriusque,
490 633 537 675 me
549 616 717 677 intervenire
733 614 855 675 discenti.
887 634 954 675 uam

74 694 190 770 epistola
212 691 351 752 Leonidae
371 708 482 768 ,quam
506 692 542 752 ad
562 712 610 753 me
631 692 747 763 misisti,
767 691 835 769 quid
854 692 955 763 habet,

96 771 191 840 uaeso,
211 771 240 828 in
255 787 313 843 quo
327 785 497 845 magnopere
510 768 660 829 laetemur?
680 787 836 847 numquam
848 770 893 827 ille
902 770 956 829 mi-

73 788 108 906 gr
121 847 181 904 satis
193 845 297 905 laudari
311 844 464 914 videbitur,
483 843 549 904 cirin
570 848 608 906 ira
627 846 795 914 laudabitur;
817 846 952 921 Quomodo

76 943 152 982 nunc
166 923 207 995 est.
233 921 344 981 nonest
365 918 472 981 fidentis
492 924 549 982 hoc
569 923 778 993 testimonium,
798 921 841 981 sed
863 919 955 998 potius

75 1001 212 1059 timentis.
251 1006 281 1055 94
289 997 397 1057 Herodi
412 1012 506 1059 autem
527 1002 713 1077 mandaram,
733 1013 764 1075 ut
785 999 854 1057 mihi
877 1000 954 1055 naria

79 1077 162 1144 μῖτιν
175 1074 315 1134 scriberet:
335 1075 351 1133 ‘a
366 1093 424 1151 quo
439 1075 529 1135 adhuc
542 1077 616 1135 nulla
628 1078 716 1135 littera
729 1077 775 1135 est,
793 1092 954 1144 uereor,ne

78 1152 151 1211 nihii
171 1152 316 1224 habuerit,
336 1151 414 1229 quod
435 1154 528 1223 mihi,
548 1154 614 1214 cum
633 1150 834 1230 ccognossem,
850 1153 974 1228 jucun·c
988 1143 1091 1210 008110(-

886 1223 1037 1289 dumcerem
1048 1209 1104 1257 MS.

1106 903 1118 938 S

83 1395 179 1445 narium
189 1393 328 1447 decernitur.
344 1408 404 1447 orat.
416 1395 442 1445 iu
453 1392 495 1449 rit
509 1398 536 1448 dt
546 1410 618 1447 aurare
633 1409 700 1449 erant
714 1395 870 1461 triumphales
886 1411 956 1446 coro·

82 1474 128 1508 na.
146 1460 209 1508 Geli.
226 1459 265 1508 iib.
279 1475 301 1509 v.
322 1474 341 1508 c.
356 1469 378 1510 6.
400 1458 442 1509 nid
459 1464 512 1523 quis
528 1464 597 1510 malit
608 1460 639 1510 ad
650 1461 719 1511 ludos
735 1459 835 1514 referre,
850 1475 912 1522 quos
927 1462 954 1509 dt

58 1544 60 1549 ·
80 1521 201 1572 faciebant
219 1523 244 1570 δι
261 1522 396 1586 speetabant
412 1526 529 1574 coronari.
567 1528 593 1574 dc
609 1524 659 1574 ludi
678 1526 742 1574 Bruti
759 1523 795 1572 his
810 1523 956 1588 temporibus

82 1584 205 1634 instabant
218 1598 283 1648 ομ.
299 1585 399 1635 1ἰὶι.κιι.
418 1589 514 1636 corrad..
539 1593 599 1635 Vera
616 1587 793 1652 esi-explicatio
808 1587 875 1649 hujus
890 1586 961 1641 loti,

86 1658 141 1712 quae
153 1646 259 1695 medium
271 1650 349 1695 locum
363 1662 441 1698 tenet.
458 1652 539 1699 ceterae
551 1651 602 1699 tunt
619 1650 712 1715 inepta.
744 1651 836 1715 Dignus
853 1648 905 1707 est,
919 1650 960 1701 in·

86 1711 261 1773 quimunrrur,
272 1711 453 1774 quitriurnphaii
463 1726 571 1770 corona,
588 1727 683 1778 propter
692 1712 780 1763 cadem
794 1712 908 1777 tyranni,
923 1727 963 1761 or·

90 1784 161 1823 natus
172 1772 264 1821 incedat
276 1771 374 1837 publice.
405 1777 515 1824 Gravius.

122 1851 161 1888 93.
178 1837 238 1947 zm
248 1840 304 1882 mim
315 1839 391 1883 audeat
401 1839 499 1891 violare,
509 1837 612 1900 proposuit
622 1855 680 1885 cruce
690 1851 727 1884 aut
733 1838 807 1899 saxo]
820 1842 876 1887 Haec
886 1836 917 1887 eii
929 1851 966 1886 re·

88 1911 159 1961 cepta
173 1898 197 1946 ie
223 1899 269 1957 io,
290 1913 363 1964 quarn
380 1913 458 1947 vetere
479 1901 604 1949 meliorem
626 1899 799 1959 iudicarimurt
822 1902 867 1953 ilia
886 1913 966 1951 autem

86 1963 183 2025 ,tardare
199 1960 289 2010 habet:
312 1960 462 2026 quodetiam
480 1965 595 2011 Germani
610 1961 716 2028 reperiss'e
732 1965 758 2011 in
773 1962 968 2027 antiquorodice

87 2025 211 2074 videntur}
227 2024 345 2075 adnotant
357 2027 423 2073 enirn
434 2032 489 2075 eim
501 2027 525 2074 in
537 2023 569 2074 sui
579 2025 631 2074 iibri
646 2026 760 2089 margine.
785 2025 882 2074 vitiosos
893 2027 965 2090 igitur

88 2089 134 2137 hac
145 2102 211 2149 parre
221 2090 430 2152 omneuvantiquos
440 2102 507 2153 puto.
527 2090 639 2139 Viderint.
674 2089 770 2137 Videtur
789 2088 969 2149 utrumquede·

88 2152 203 2208 lendum,
218 2166 243 2200 ut
255 2150 282 2200 fit
295 2154 373 2200 oratio
382 2150 482 2201 concita.
498 2153 560 2223 Qir
568 2156 626 2198 enim
636 2153 714 2199 audeat
720 2151 750 2201 ie.
757 2152 846 2200 morari
855 2155 969 2209 Brutum,

90 2228 130 2281 aut
142 2216 163 2262 ei
175 2215 285 2265 molestus
297 2214 357 2272 effe,
371 2230 426 2263 cum
437 2213 492 2265 sciat
502 2220 534 2272 ,ir
547 2215 571 2264 id
582 2214 677 2272 fecerit,
692 2213 757 2271 fore,
773 2226 799 2263 ut
809 2214 968 2265 humotenus

90 2278 191 2326 tollatur
202 2278 226 2325 in
236 2293 344 2335 crucem,
361 2279 420 2327 liber
431 2276 488 2327 saro
499 2278 603 2342 Tarpeio
613 2277 688 2328 saliat.
722 2278 747 2337 J.
755 2281 780 2327 f.
788 2282 883 2327 Gronov.

41 2374 46 2385 ,
125 2358 161 2398 94.
182 2343 340 2388 Hereditatem
353 2344 514 2389 mandaremus
529 2345 586 2390 mihi
600 2338 883 2399 rrrauirorsctibetctd
911 2345 969 2391 Hac

90 2402 127 2453 est
145 2402 240 2465 vulgata
256 2404 335 2452 lediio.
366 2406 473 2467 Antiqua
488 2416 587 2459 autem,
608 2407 736 2452 mandaram
752 2417 776 2451 ru
796 2408 852 2451 mihi
863 2409 970 2453 Kara-

93 2469 213 2514 MthtN.
241 2467 329 2515 omitto
344 2467 549 2528 quemadmodum
564 2468 604 2517 alii
614 2467 781 2522 emendarint,
798 2469 839 2530 qui
850 2465 969 2517 veteribus

91 2527 159 2578 libris
173 2540 212 2575 aut
228 2542 278 2576 non
294 2530 401 2593 inspeetis
418 2542 457 2577 aut
477 2531 589 2594 neglediis
604 2545 672 2586 eam,
689 2545 764 2593 quam
780 2529 834 2577 huic
847 2528 970 2579 sententiar

92 2592 225 2641 lediionem
241 2592 354 2654 quadrare
369 2591 474 2641 arbitrari
489 2592 561 2649 iiiut,
577 2591 722 2643 rennuerunt
736 2608 743 2640 ι
774 2592 844 2641 multi
860 2594 927 2641 enim
943 2595 970 2642 iu

91 2654 142 2703 hoc
158 2652 299 2704 laborarunt.
321 2669 496 2702 omnesaurern
519 2656 561 2703 has
580 2658 658 2704 nubas
678 2653 875 2718 difficultatesque
898 2669 972 2718 pepe·

93 2716 148 2767 riffe
159 2715 286 2772 iudicamus
296 2718 362 2765 unius
376 2718 457 2765 littera
471 2717 662 2780 perrerfioucm:
690 2717 806 2769 fienitn·
832 2719 969 2781 parvumiu

94 2778 216 2890 ¹qoiirema
227 2776 241 2826 s
251 2779 330 2835 idaia,
344 2783 370 2829 δι
381 2795 431 2844 nou
441 2794 575 2845 magnum,
591 2796 616 2829 ut
628 2795 749 2846 perperam
761 2780 851 2831 facium
861 2781 907 2837 est,
922 2792 968 2844 po·

116 2855 169 2890 rum
180 2841 213 2890 fui
233 2856 270 2898 et,
285 2857 359 2890 omne
368 2841 482 2891 mendum
494 2841 615 2900 abfuisset,
632 2848 658 2895 δι
669 2844 754 2893 eadem
765 2841 880 2895 sententia
888 2858 967 2892 exve·

94 2906 128 2954 ris
141 2906 263 2953 Ciceronis
274 2904 348 2954 verbis
360 2906 413 2954 elici
423 2906 539 2967 potuisset.
555 2910 621 2955 annai
631 2912 699 2961 μίτοι
709 2919 789 2955 autem
796 2910 884 2958 aarrdr
893 2905 967 2970 signi·

58 3006 63 3011 .
93 2967 174 3022 ficar,
197 2966 261 3029 quati
277 2967 383 3016 filatimr
411 2974 477 3019 μιτιι
499 2972 565 3018 enim
587 2969 663 3021 iilum.
695 2968 798 3018 Adducit
819 2970 918 3019 varinus
938 2968 965 3018 iu

93 3045 187 3097 magno
196 3033 241 3079 illo
252 3030 292 3079 suo
303 3032 392 3079 Lexico
404 3029 577 3084 Pherecratem,
588 3033 629 3094 qui
642 3034 674 3081 ita
684 3032 777 3081 locutus
786 3029 815 3079 sit
826 3066 833 3088 ,
850 3035 914 3079 nari
924 3035 966 3089 rd-

93 3114 135 3145 ‘ror
149 3098 181 3143 aa*
194 3113 249 3154 ποι)
258 3113 327 3141 aare
337 3091 500 3154 ἰιιλιγίζομιιι
533 3101 586 3143 Hoc
597 3096 667 3156 padio
679 3096 827 3143 conservatur
838 3094 966 3157 ptiicomm

92 3156 292 3219 exemplariorum
305 3156 425 3205 autoritas.
460 3170 516 3206 narn
527 3160 599 3207 etiam
611 3159 754 3207 Germanica
769 3160 966 3211 KATAMiTssN

94 3219 181 3269 habere
191 3232 280 3268 cerrnm
291 3218 324 3268 est
337 3235 344 3266 r
360 3219 395 3268 illi
406 3220 470 3268 enim
481 3221 515 3269 ira
526 3222 551 3270 in
562 3221 670 3284 margine
685 3221 791 3275 codicis,
807 3234 879 3283 quem
894 3236 968 3271 excu-

93 3282 191 3337 derunt,
208 3281 365 3331 adnotarunt:
384 3285 408 3331 dt
421 3281 496 3332 sensus
507 3283 615 3347 preclare
627 3287 757 3341 convenit,
773 3285 799 3332 δι
808 3298 864 3333 curu
874 3286 966 3333 muito·

94 3360 148 3396 rum
159 3345 244 3403 iudicio
255 3343 399 3401 concordat,
415 3348 457 3410 qui
470 3360 508 3395 aut
521 3351 586 3396 und
603 3348 695 3399 urrini.
716 3361 755 3396 aut
770 3344 839 3397 fimiii
849 3348 965 3411 quopiam

92 3407 183 3524 rbnodo,
194 3424 247 3527 qqqr
256 3406 428 3471 incommode,
445 3406 615 3467 srseurerrtiam
626 3412 722 3471 rantum
731 3408 837 3477 speeies,
851 3407 968 3461 emenda·

113 3483 166 3525 ant.
212 3492 220 3523 r
241 3477 306 3526 erim.

281 3591 310 3611 ,κ
737 3526 788 3613 ’,
876 3534 976 3592 Μ’*
1053 3558 1102 3672 ¹
