2296 3900
210 122 294 191 ¹9³0
373 105 514 171 Linea
547 100 1017 186 Qunnr-usoncruus*
1106 106 1111 173 ζ

58 232 180 289 teleusin
211 219 298 296 qualis
312 219 416 278 concio
429 219 521 276 fuerit.
560 216 636 273 Haec
648 213 737 289 scripsi
751 211 885 271 ¹citatim.
911 211 1006 271 statim
1020 214 1112 277 enim·

62 296 203 363 Whi-
213 296 296 355 Caffii
314 295 476 355 tabellarius.
515 310 592 352 eram
620 290 757 350 continub
785 288 886 349 Piliam
912 288 1091 367 salutaturusa

212 373 329 523 {adddit
330 372 365 433 ad
382 371 474 450 epulas
494 370 616 443 Vestorii
642 366 777 429 naviculi.
815 367 926 435 Attica
946 365 1091 443 plruimam

476 600 739 655 Eulsroua
771 601 850 651 XXI·

424 767 606 827 CICERO
633 762 831 825 ATTICO
860 763 889 821 S.

216 934 335 1043 CUn
356 933 448 1010 paullo
462 946 526 991 anre
547 931 679 992 dedissem
699 929 735 988 ad
754 941 783 987 te
798 928 881 986 Cailii
897 926 1042 987 tabellario
1054 926 1087 985 lit·¹

285 1024 372 1079 teras,
392 1030 419 1069 v.
433 1009 493 1069 idus
508 1012 586 1068 venit
599 1011 689 1069 noller
702 1006 855 1066 tabellarius
866 1005 916 1073 ,²⁶
925 1007 957 1064 &
971 1005 1085 1081 quiden,

214 1092 337 1162 portenti
351 1089 454 1156 simile,
474 1087 530 1145 fine
544 1089 597 1145 tuis
610 1086 712 1144 litteris.
750 1081 796 1140 sed
818 1082 878 1141 citb
905 1083 1022 1159 conjeci
1040 1082 1085 1139 La·

213 1166 293 1221 nuvii
307 1178 336 1222 te
351 1161 436 1222 fuisse.
470 1165 539 1221 Eros
554 1175 646 1221 autem
662 1160 815 1228 festinavit,
835 1171 866 1218 ut
884 1158 922 1218 ad
938 1178 989 1217 me
1000 1160 1086 1217 litterae
1119 1166 1121 1171 '

214 1234 370 1298 Dolabellae
384 1242 584 1315 perferrentur,
603 1258 663 1298 non
680 1238 714 1295 de
730 1253 837 1294 remea
858 1234 1008 1310 (nondum
1022 1237 1085 1294 euim

215 1333 292 1373 meas
307 1320 461 1392 acceperat)
470 1317 515 1374 sed
529 1315 659 1449 rescripsit
669 1314 703 1372 ad
717 1330 777 1382 eas,
797 1330 922 1389 quarum
932 1314 1084 1388 exemplum

213 1392 263 1451 tibi
284 1394 436 1460 miseram,
463 1392 525 1451 sane
546 1389 693 1451 lucuente.
732 1390 779 1446 Ad
801 1407 848 1446 me
869 1403 1001 1461 autem,
1030 1389 1082 1447 cum

213 1468 297 1528 Caffii
308 1471 477 1528 tabellarium
493 1467 668 1536 dimisissem,
686 1466 776 1524 statim
789 1465 899 1525 Balbus.
920 1467 941 1526 ὂ
958 1469 999 1527 dii
1014 1467 1082 1533 boui,

213 1543 300 1621 quim
316 1545 395 1615 facile
412 1545 574 1620 perspiceres
587 1548 686 1604 timere
700 1544 815 1601 otium!
845 1545 876 1602 ὃ(
891 1545 970 1605 nosti
985 1547 1082 1604 vnum:
1119 1604 1121 1621 Ι

212 1620 300 1697 quam
315 1623 418 1680 tedius:
438 1623 484 1679 sed
506 1636 600 1680 tamen
623 1620 742 1679 Antonii
763 1619 876 1678 consilia
899 1623 1029 1681 narrabat
1035 1644 1044 1689 ;
1059 1620 1084 1678 il·

213 1698 272 1757 lum
289 1700 434 1756 circumire
448 1711 609 1766 veteranos,
630 1712 661 1757 ut
674 1697 734 1755 adia
748 1696 860 1754 Caesaris
875 1695 1034 1758 sancirent:
1051 1697 1083 1756 id·

213 1774 270 1852 que
282 1774 309 1833 se
323 1775 444 1835 sacluros
458 1772 511 1834 else
519 1778 660 1854 jurarent,
680 1785 708 1828 2⁷
718 1784 750 1836 ut
759 1784 815 1849 rata
830 1791 936 1855 omnes
950 1776 1083 1849 haberent}

1048 1868 1085 1911 fl·

248 2015 286 2057 26.
304 2014 333 2056 Et
343 2011 429 2071 quidcm
438 2014 530 2073 portenti
539 2011 618 2068 fimiles
629 2010 652 2056 in
663 2009 707 2057 tuis
716 2009 815 2065 Ennii]
837 2007 875 2056 Sic
885 2006 1017 2071 quondam
1027 2021 1083 2057 meu·

217 2068 277 2120 dose
290 2072 418 2137 legebatur.
453 2075 567 2122 Germani
578 2074 664 2137 primi,
678 2075 769 2135 portenti
783 2073 852 2127 βιαία
873 2073 918 2128 fine
933 2077 983 2119 ruis
996 2076 1082 2128 litteris,

216 2135 385 2185 emendarunt:
402 2136 464 2186 reste
475 2139 510 2184 illi
521 2137 617 2200 quidem
629 2139 654 2185 δι
671 2139 798 2206 eleganter.
830 2136 940 2182 Portenti
958 2135 1036 2185 simile
1049 2148 1083 2197 pu-
1117 2130 1121 2151 '

215 2209 267 2252 tar,
283 2198 348 2258 qubd
360 2199 411 2247 suus
420 2199 555 2248 tabellarius
569 2200 599 2247 ab
611 2200 693 2248 Attico
704 2204 752 2246 une
763 2200 845 2245 litteris
862 2196 970 2248 redierit.
1004 2199 1085 2247 Dicitur

214 2263 320 2323 portenti
330 2261 407 2310 simile
418 2261 483 2325 quod
494 2277 545 2310 raro
561 2262 658 2315 accidit,
674 2266 698 2311 &
714 2261 852 2310 admirabile
863 2260 982 2310 omnibus
993 2263 1082 2312 videtur.

216 2327 281 2384 §epe
291 2324 363 2372 utitur
374 2326 460 2374 Cicero
470 2326 516 2374 hoc
527 2325 602 2372 modo
612 2326 719 2381 dicendi,
736 2324 775 2373 lib.
791 2339 821 2371 11.
839 2322 868 2371 de
885 2328 994 2377 Oratore
1007 2343 1013 2372 :
1029 2323 1083 2386 stiffi

216 2388 303 2450 quidem
318 2387 435 2450 responsum
448 2392 568 2436 excellentis
583 2391 693 2450 cujusdam
709 2388 736 2447 cst
756 2390 837 2449 ingenii
854 2403 880 2432 ac
891 2389 1032 2449 finguiaris,
1055 2393 1085 2437 αἱ

214 2451 321 2511 quiddam
328 2457 422 2513 portenti
428 2453 499 2511 fimt'se
507 2454 545 2512 effa
554 2453 628 2512 vistim
637 2453 664 2511 est
675 2486 683 2509 ,
696 2453 750 2513 pose
758 2455 854 2514 aliquem
865 2456 970 2499 inveniri
980 2467 1084 2510 oratum,

215 2516 256 2576 qui
265 2516 353 2577 aliquid
362 2518 418 2562 maii
429 2517 510 2575 faceret
520 2517 615 2566 dicendo.
649 2521 676 2563 lu
689 2530 710 2564 v.
731 2514 804 2562 etiam
816 2513 948 2577 Philippim
960 2517 1040 2566 dixit:
1055 2522 1084 2563 Ui

212 2582 307 2638 portenti
312 2579 385 2635 fimile
394 2583 515 2635 videatur,
530 2593 614 2625 tantam
622 2583 732 2640 pecuniam
740 2581 812 2639 populi
821 2581 853 2626 R.
870 2592 917 2623 ram
928 2581 995 2628 brevi
1004 2592 1085 2639 tempere

210 2644 283 2702 perire
295 2643 389 2701 patuiffe.
407 2643 494 2693 Vilior.
529 2648 557 2690 Et
567 2644 654 2705 quidam
662 2645 753 2704 portenti
764 2642 851 2695 imile,
867 2641 913 2699 sine
928 2647 976 2690 tuis
992 2646 1085 2701 sitierit]

213 2704 316 2751 Locutio
330 2702 358 2752 iit
371 2705 466 2755 sortass'e
476 2708 621 2769 elegantior,
639 2704 697 2753 srita
709 2705 814 2768 legatur:
831 2707 872 2759 ὅτ,
885 2707 945 2767 quod
954 2707 984 2765 eli
997 2709 1084 2768 portenti

205 2767 293 2824 fimr'ie,
304 2768 349 2824 fine
359 2773 404 2814 iuis
414 2772 512 2815 litteris:
531 2770 587 2826 vel,
602 2772 628 2820 sn·
644 2770 731 2831 quidem
751 2767 858 2829 (portenti
869 2769 965 2830 fimile)
979 2772 1025 2828 fine
1044 2772 1085 2815 tuis

209 2832 297 2878 litteris.
315 2830 416 2880 conad.
448 2838 477 2878 Et
487 2834 574 2895 quidem
590 2833 696 2893 (portenti
706 2832 790 2890 finisse)
802 2832 847 2888 fini
857 2836 902 2877 ruis
919 2834 1025 2891 lastaria]
1053 2833 1087 2881 Sic

208 2892 280 2941 habet
291 2893 361 2956 plane
372 2896 482 2956 scriptum
493 2895 569 2943 codex
582 2893 685 2945 Tutini.
703 2895 767 2956 quod
783 2909 813 2941 eo
831 2893 940 2956 adscripsi
953 2928 961 2951 ‚
979 2911 1005 2945 ut
1016 2897 1085 2945 etiam

209 2971 239 3003 ex
251 2957 297 3003 boc
308 2958 364 3004 loco
375 2957 441 3015 buius
453 2958 540 3006 codicis
549 2959 643 3006 bonitas
656 2971 779 3020 appareat,
796 2972 850 3004 tum
861 2957 1000 3022 significare
1010 2960 1086 3009 videa·

208 3031 246 3067 tur
260 3026 319 3070 Perr.
333 3021 469 3075 Victorius,
485 3023 547 3069 hunc
566 3022 645 3068 locuni
662 3019 745 3068 insuia
761 3016 880 3069 codicibus
897 3037 950 3069 non
969 3020 1019 3071 esse
1030 3024 1085 3071 inte·

204 3098 292 3199 frum,
308 3097 392 3143 utpote
403 3085 444 3144 qui
455 3088 503 3143 ejus
513 3084 708 3133 emendationem
720 3083 846 3135 Germania
855 3083 959 3143 tribuat,
975 3085 1089 3150 nequede

217 3145 253 3193 uis
263 3145 382 3194 codicibus
391 3150 466 3197 ullum
480 3147 576 3196 verbum
591 3147 671 3195 faciat.
706 3150 803 3196 Lambin.

240 3224 278 3263 27.
295 3215 378 3254 vrrnm
389 3228 457 3257 onmes
469 3214 586 3266 inhercie]
602 3209 685 3257 Vitiosi
696 3209 746 3258 sunt
758 3211 870 3261 hocloco
882 3225 976 3261 veteres
987 3211 1091 3261 eodieest

208 3281 235 3321 ul
247 3286 296 3317 non
308 3272 372 3320 certb
384 3274 532 3338 perspiciatur
545 3289 574 3321 er
586 3273 633 3320 illis
645 3274 770 3335 quomodo
780 3274 909 3337 legendum
920 3273 950 3323 fit
967 3292 973 3321 :
992 3293 1040 3326 nos
1055 3277 1089 3325 in·

208 3333 316 3383 diturum
327 3334 433 3384 nostrum
450 3339 586 3392 tenuimus,
603 3350 627 3382 ut
639 3336 712 3398 quatu
723 3336 849 3385 minimum
864 3338 877 3386 ἦ
896 3337 977 3401 priscis
989 3340 1091 3404 velligiia

210 3398 401 3457 declinaremus:
429 3401 454 3448 δι
476 3413 556 3448 tamen
573 3400 746 3459 aliquantulum
762 3399 890 3450 necessarii>
910 3402 1089 3452 delledlendum

212 3460 278 3512 fuir:
293 3472 345 3511 tam
356 3460 463 3526 perversa
479 3464 545 3531 eninr
560 3463 586 3513 ὀι
603 3462 724 3529 maculosa
739 3465 838 3530 antiqua
856 3462 973 3537 scriptore
981 3480 1035 3523 erat
1045 3476 1093 3582 ,mu
