2296 3900
288 46 966 173 ‚Linen 2193

78 200 212 277 sperare,
240 211 289 261 aut
311 200 466 276 exspedare
486 218 538 262 nos
559 198 739 276 oportebat?
773 199 899 259 Exstitisti
927 213 991 263 rur.
1005 222 1104 265 cccxxx.

77 282 182 340 vindex
210 280 310 339 nollrae
343 277 495 348 libertatis,
522 288 553 337 ut
584 290 651 336 tunc
677 277 814 354 quidem,
834 277 956 350 optimus
1005 298 1010 307 ·

77 357 168 432 (quod
184 357 289 415 utinam
304 372 396 431 neque
409 356 499 414 nostra
512 371 565 413 nos
578 355 694 430 opinio,
713 367 805 430 neque
824 362 872 411 tua
886 348 953 411 fides

75 428 212 491 fefellisset
221 433 242 507 l)
262 435 292 493 ὃ(
306 432 441 491 veteranis
454 433 483 491 in
498 448 587 490 unum
609 428 753 489 conbustis
768 470 777 498 ,
797 429 827 509 bc
848 427 951 486 duabus
1100 495 1104 507 ι

73 504 230 581 legionibus
244 508 260 568 b
273 510 395 585 pernicie
408 496 503 583 pat‘riae
516 506 677 567 adsalutem
692 504 836 565 revocatis
851 546 860 573 ,
879 503 951 564 subi·
959 527 979 589 p·
990 512 1092 587 advoca·

72 585 106 639 to
122 584 208 660 prope
223 586 284 661 jam
298 583 426 643 affedlam
446 600 479 643 ac
498 583 658 659 prostratam
679 582 877 658 rempublicam
898 582 951 639 tuis
961 588 992 624 1¹⁸
1002 579 1053 625 “¹¹'-

74 662 195 736 aopibus
210 661 333 721 extulisti.
373 664 448 737 Quae
461 661 510 720 tibi
529 679 588 721 non
601 658 666 719 ante
685 658 771 737 quam
786 655 977 734 postulares,q
994 667 1101 733 operibus

74 739 181 811 majora
234 737 300 797 udin
328 737 436 806 vellcse
470 739 547 813 plura
572 738 660 815 quim
679 737 797 812 sperares
813 754 835 804 ,·
853 732 952 793 detulit
960 734 1014 782 MS·

71 806 209 873 senatus?
259 815 316 874 edit
328 815 428 883 fasces,
448 827 479 872 ut
500 832 565 873 cum
587 813 750 889 auctoritate
773 809 950 883 defensorem

72 890 204 960 haberet,
223 910 282 950 non
297 902 328 949 ut
342 891 461 966 imperio
475 888 501 950 se
516 889 671 950 adversum
682 900 809 950 armaret.
845 884 952 962 Appel-

70 964 140 1025 lavit
160 969 382 1042 imperatorem,
408 966 529 1026 hostium
554 967 678 1026 exercitu
698 965 802 1042 pulso,
828 965 950 1024 tribuens

71 1038 231 1113 honorem,
251 1062 310 1103 non
326 1057 357 1103 ut
370 1044 415 1101 sua
430 1046 509 1103 caede
524 1044 608 1103 caesus
622 1044 666 1101 ille
691 1043 801 1118 fugiens
813 1043 950 1103 exercitus

69 1130 100 1176 te
113 1121 273 1180 nominaret
284 1122 492 1196 imperatorem.
530 1120 665 1179 Decrevit
677 1121 707 1179 in
729 1121 794 1178 soro
814 1118 949 1211 statuam³

69 1188 167 1255 locum
181 1199 210 1255 in
223 1196 335 1266 senatu,
353 1197 495 1256 summum
514 1196 655 1255 honorem
677 1209 741 1255 ante
761 1206 880 1270 tempus.
919 1197 948 1256 St

70 1274 138 1345 quid
157 1273 231 1332 aliud
253 1273 314 1343 est,
340 1273 418 1350 quod
439 1273 496 1333 dari
515 1272 613 1348 possit,
632 1272 740 1331 tardat.
779 1272 966 1348 Quid'aliudt
981 1280 1052 1333 addet

71 1347 109 1422 est
124 1350 212 1424 majus
222 1351 315 1425 ,quod
331 1351 396 1409 velis
411 1349 539 1409 sumere?
559 1351 714 1409 sinautem
728 1349 805 1423 supra
819 1349 1008 1421 aetatem,M⁸·

68 1422 148 1500 supra
163 1425 415 1494 consuetudinem,
435 1427 511 1502 supra
533 1428 617 1486 etiam
646 1426 841 1489 mortalitatem
863 1437 942 1487 tuam

69 1502 118 1559 tibi
132 1500 193 1560 sunt
208 1504 304 1561 omnia
317 1505 416 1563 tributa
434 1519 441 1560 r
462 1503 549 1563 ²⁶cur
570 1515 619 1562 aut
638 1504 758 1577 ingratus
778 1502 941 1575 crudeliter,

68 1590 116 1635 aut
138 1579 328 1639 ²7immcm0r
350 1579 478 1639 beneficii
499 1576 627 1639 scelerate
651 1579 845 1639 circumscribis
867 1579 944 1640 sena-

68 1651 160 1713 tum?
188 1654 257 1729 Qud
277 1669 306 1714 te
327 1655 449 1715 misimus
465 1656 477 1713 ἓ
511 1656 526 1715 ὲ
542 1656 639 1735 quibus
656 1657 798 1714 reverteris
813 1653 826 1713 ?
846 1670 944 1729 contra

67 1747 138 1804 quos
151 1730 340 1791 armavimus?
360 1733 457 1809 quibus
471 1749 546 1793 arma
561 1733 664 1808 cogitas
678 1731 827 1803 inferrell
843 1733 942 1807 quibus

68 1811 221 1869 exercituin
236 1806 366 1869 abducis?
387 1811 417 1867 &
431 1827 502 1885 quos
515 1807 658 1869 servemus
671 1810 760 1868 aciem
775 1806 873 1868 struis?
883 1810 960 1883 Cut's
976 1819 1058 1872 adver·

66 1883 150 1943 bostis
164 1883 345 1960 relinquitur?
366 1887 433 1945 civis
447 1886 529 1946 hostis
541 1888 607 1945 loco
629 1886 742 1960 ponitur
755 1884 768 1944 ἓ
788 1903 837 1945 cut
857 1888 938 1949 castra
949 1880 999 1933 sum
1013 1885 1086 1963 34⁸8·
1101 1942 1107 1951 ,

68 1961 164 2019 medio
187 1963 284 2021 itinere
306 1961 414 2038 longius
428 1961 643 2023 adversariorum
665 1963 751 2021 castris
779 1965 809 2022 &
829 1949 1034 2040 proprisis‘h‘·

66 2038 163 2095 urbem
192 2050 343 2098 moventur
365 2037 377 2097 ?
406 2039 435 2115 Q
456 2056 503 2099 me
525 2055 681 2116 numquam
700 2039 849 2115 sapientem
871 2039 939 2103 ²⁸&

65 2113 215 2188 aliquando
236 2115 287 2186 ld,
313 2115 390 2191 quod
410 2134 469 2174 ιιοιι
489 2133 564 2175 erant
581 2158 590 2186 ,
610 2114 704 2174 frullra
727 2118 936 2178 existimatum!

65 2192 203 2262 quantum
217 2201 261 2261 te,
282 2194 385 2267 popule
399 2192 609 2262 Romane-,de
632 2209 678 2250 me
700 2194 797 2251 fefellit
817 2194 937 2270 opinio?

66 2265 96 2320 0
119 2282 213 2324 meam
234 2268 420 2331 calamitosam
439 2286 472 2330 ac
496 2270 668 2347 praecipitem
688 2269 857 2333 senestutcm
879 2278 886 2332 l
908 2276 938 2332 O

885 2362 944 2410 tur-

97 2485 137 2528 26.
155 2485 244 2555 σαψ
256 2484 495 2546 supermundalium]
510 2490 596 2553 Longe
605 2486 666 2537 mibi
676 2486 769 2537 videtur
785 2490 890 2553 praestare
901 2504 942 2540 vo
984 2502 995 2527 -·

64 2553 142 2590 return
154 2543 286 2594 editionum
298 2547 387 2602 lesbio,
403 2564 477 2612 quam
490 2551 574 2614 probat
590 2554 616 2602 δι
627 2555 679 2600 MS.
692 2552 787 2601 Balliol.
811 2571 849 2600 cur
862 2564 942 2601 aur‘ut
959 2582 962 2589 ·

64 2608 174 2667 ingratum
198 2609 331 2666 crudeliter,
358 2625 396 2657 aur
413 2627 437 2659 ur
452 2618 597 2661 immemorem
617 2615 712 2675 beneficii
728 2619 762 2663 tui
778 2616 878 2676 scelerare
899 2623 944 2664 est·

62 2669 312 2779 mmscsgfssmmm?
330 2673 449 2724 Adverbia
461 2677 580 2742 jungenda
592 2677 644 2727 sunt
661 2677 733 2727 verbo
746 2710 754 2734 ,
775 2693 826 2728 non
842 2679 942 2742 adiesti·

63 2745 107 2781 vta.
165 2751 211 2784 ron.
812 2742 815 2749 '

93 2809 132 2851 27.
150 2803 264 2846 Immemor
272 2799 366 2861 beneficii
371 2833 378 2856 ,
389 2801 491 2860 scelerarel
503 2802 560 2860 den]
577 2801 658 2852 Nostri
670 2803 707 2852 bis
717 2803 833 2866 amplius,
848 2805 944 2867 beneficis·

57 2858 103 2918 sni.
121 2861 203 2923 Atque
212 2861 245 2910 ita
257 2864 329 2911 etiam
343 2863 380 2911 bic
394 2864 461 2919 locus
478 2865 508 2914 ab
525 2866 553 2913 iis
570 2865 711 2924 adducitur,
728 2867 769 2932 qul
786 2868 826 2928 sui
842 2869 942 2932 probare

62 2920 147 2969 volunt
179 2928 279 2987 proclus
293 2926 367 2991 accipi
380 2934 572 2993 nonnunquam...
595 2931 691 2993 Melasp.

79 2992 131 3057 ¹2¹8.
149 2955 178 3045 ἐς
188 2990 305 3050 aliquando
318 2992 420 3053 idquae
431 3006 472 3037 non
485 2999 552 3049 eran]
569 2991 645 3043 Redi&
656 2990 768 3049 meinulfi
779 3007 819 3042 me
829 2993 893 3045 fallit
904 2998 941 3055 ju·

61 3042 168 3103 drcttrm,
182 3053 239 3111 quod
249 3069 290 3097 non
301 3069 367 3102 eram.
399 3052 455 3114 Qub
465 3056 531 3101 enim
540 3052 642 3118 spestet,
654 3057 711 3116 quod
723 3073 763 3102 non
777 3070 824 3103 erar
837 3066 849 3105 t
865 3065 939 3110 Meo.

59 3123 112 3159 rum
123 3108 242 3161 sententia
252 3114 323 3176 plana
334 3113 386 3171 est,
401 3129 427 3164 ut
443 3113 471 3164 fit
487 3119 570 3180 prioris
584 3119 687 3167 membri
702 3132 752 3166 non
769 3118 845 3168 solum
860 3127 938 3188 expli·

59 3174 137 3245 catio,
153 3170 275 3224 sedetiam
292 3181 454 3243 exaggeratio.
487 3186 571 3242 ltaque
586 3196 664 3244 neque
679 3174 784 3230 dolentis
799 3181 936 3242 adterbiuni
1014 3200 1017 3205 '
1084 3180 1086 3189 '

60 3246 196 3298 reiteratum
213 3238 266 3296 est,
288 3241 486 3305 utintelligamus
502 3258 574 3292 unam
585 3242 631 3294 else
642 3244 790 3294 sententiam.
822 3250 936 3304 nimitum
1049 3254 1053 3263 “

60 3294 84 3370 se
95 3296 177 3354 frustra
189 3303 213 3350 bt
225 3301 274 3352 sine
287 3303 375 3361 caussa,
392 3319 446 3355 cum
457 3320 506 3353 ιιοιι
518 3304 595 3365 esset,
609 3308 741 3372 aliquando
758 3307 885 3372 sapientem
897 3318 935 3372 ju·

57 3358 172 3469 dtsafupn.
181 3366 253 3477 scinde
268 3367 293 3418 bt
310 3365 441 3433 subjungit:
458 3370 572 3435 Qantara
587 3386 620 3430 re,
630 3375 706 3437 papale
715 3377 746 3439 lt.
763 3374 789 3421 dc
804 3391 840 3437 me,
846 3377 933 3438 fiscilir

58 3436 129 3486 oparata
209 3443 258 3482 em,
474 3476 481 3486 ,

119 3508 122 3513 ·
400 3501 545 3544 ,Asnam
818 3495 860 3557 ἕρ.
877 3510 933 3553 An·
