<?xml version="1.0" encoding="UTF-8"?>
<!DOCTYPE html PUBLIC "-//W3C//DTD XHTML 1.0 Transitional//EN"
    "http://www.w3.org/TR/xhtml1/DTD/xhtml1-transitional.dtd">
<html xmlns="http://www.w3.org/1999/xhtml" xml:lang="en" lang="en">
 <head>
  <title>
</title>
<meta http-equiv="Content-Type" content="text/html;charset=utf-8" />
  <meta name='ocr-system' content='tesseract 3.04.00' />
  <meta name='ocr-capabilities' content='ocr_page ocr_carea ocr_par ocr_line ocrx_word'/>
</head>
<body>
  <div class='ocr_page' id='page_1' title='image "./marcitulliicice04pedigoog_0637.png"; bbox 0 0 2296 3900; ppageno 0'>
   <div class='ocr_carea' id='block_1_1' title="bbox 224 137 955 230">
    <p class='ocr_par' dir='ltr' id='par_1_1' title="bbox 224 137 955 230">
     <span class='ocr_line' id='line_1_1' title="bbox 224 137 955 230; baseline -0.008 -16"><span class='ocrx_word' id='word_1_1' title='bbox 224 137 769 214; x_wconf 73' lang='lat' dir='ltr'>-LiniznTnnrrri⁸.</span> <span class='ocrx_word' id='word_1_2' title='bbox 872 156 955 230; x_wconf 82' lang='lat'>&#39;2129</span> 
     </span>
    </p>
   </div>
   <div class='ocr_carea' id='block_1_2' title="bbox 67 243 1096 2295">
    <p class='ocr_par' dir='ltr' id='par_1_2' title="bbox 67 243 1096 2295">
     <span class='ocr_line' id='line_1_2' title="bbox 76 243 952 333; baseline 0.001 -25"><span class='ocrx_word' id='word_1_3' title='bbox 76 243 187 324; x_wconf 78' lang='lat' dir='ltr'>frater,</span> <span class='ocrx_word' id='word_1_4' title='bbox 206 254 293 331; x_wconf 73' lang='lat' dir='ltr'>quim</span> <span class='ocrx_word' id='word_1_5' title='bbox 308 272 406 331; x_wconf 83' lang='lat' dir='ltr'>egeam</span> <span class='ocrx_word' id='word_1_6' title='bbox 420 266 548 329; x_wconf 88' lang='lat' dir='ltr'>tempore</span> <span class='ocrx_word' id='word_1_7' title='bbox 566 274 572 312; x_wconf 93' lang='lat'><strong>:</strong></span> <span class='ocrx_word' id='word_1_8' title='bbox 593 270 646 312; x_wconf 92' lang='lat' dir='ltr'>nec</span> <span class='ocrx_word' id='word_1_9' title='bbox 666 251 729 333; x_wconf 74' lang='lat' dir='ltr'>sane</span> <span class='ocrx_word' id='word_1_10' title='bbox 749 250 808 309; x_wconf 86' lang='lat' dir='ltr'>satis</span> <span class='ocrx_word' id='word_1_11' title='bbox 821 266 952 309; x_wconf 88' lang='lat' dir='ltr'>commo-</span> 
     </span>
     <span class='ocr_line' id='line_1_3' title="bbox 79 325 947 407; baseline 0.003 -24"><span class='ocrx_word' id='word_1_12' title='bbox 79 336 152 388; x_wconf 83' lang='lat' dir='ltr'>veor</span> <span class='ocrx_word' id='word_1_13' title='bbox 162 331 259 390; x_wconf 87' lang='lat' dir='ltr'>animo</span> <span class='ocrx_word' id='word_1_14' title='bbox 273 333 307 391; x_wconf 92' lang='lat' dir='ltr'>ad</span> <span class='ocrx_word' id='word_1_15' title='bbox 322 349 354 391; x_wconf 90' lang='lat' dir='ltr'>ea</span> <span class='ocrx_word' id='word_1_16' title='bbox 371 374 379 401; x_wconf 92' lang='lat'>‚</span> <span class='ocrx_word' id='word_1_17' title='bbox 399 347 462 407; x_wconf 83' lang='lat' dir='ltr'>quae</span> <span class='ocrx_word' id='word_1_18' title='bbox 475 331 534 400; x_wconf 81' lang='lat' dir='ltr'>vis,</span> <span class='ocrx_word' id='word_1_19' title='bbox 546 328 678 388; x_wconf 90' lang='lat' dir='ltr'>canenda.</span> <span class='ocrx_word' id='word_1_20' title='bbox 699 325 865 391; x_wconf 60' lang='grc' dir='ltr'>ειὺποθέσεις</span> <span class='ocrx_word' id='word_1_21' title='bbox 878 326 947 386; x_wconf 75' lang='lat' dir='ltr'>vero</span> 
     </span>
     <span class='ocr_line' id='line_1_4' title="bbox 79 397 1096 491; baseline -0.001 -30"><span class='ocrx_word' id='word_1_22' title='bbox 79 405 205 479; x_wconf 58' lang='grc'>1111111,</span> <span class='ocrx_word' id='word_1_23' title='bbox 226 397 297 485; x_wconf 74' lang='lat' dir='ltr'>¹quae</span> <span class='ocrx_word' id='word_1_24' title='bbox 318 407 372 484; x_wconf 88' lang='lat' dir='ltr'>ipse</span> <span class='ocrx_word' id='word_1_25' title='bbox 393 418 466 483; x_wconf 72' lang='lat' dir='ltr'>⁸ego</span> <span class='ocrx_word' id='word_1_26' title='bbox 488 424 524 465; x_wconf 88' lang='lat' dir='ltr'>ne</span> <span class='ocrx_word' id='word_1_27' title='bbox 546 404 695 480; x_wconf 83' lang='lat' dir='ltr'>cogitando</span> <span class='ocrx_word' id='word_1_28' title='bbox 717 403 970 491; x_wconf 25' lang='lat' dir='ltr'>quidcmlconsejz</span> <span class='ocrx_word' id='word_1_29' title='bbox 985 416 1096 485; x_wconf 69' lang='lat' dir='ltr'>egoeog.</span> 
     </span>
     <span class='ocr_line' id='line_1_5' title="bbox 76 472 1040 583; baseline 0.001 -47"><span class='ocrx_word' id='word_1_30' title='bbox 76 494 169 555; x_wconf 87' lang='lat' dir='ltr'>quor,</span> <span class='ocrx_word' id='word_1_31' title='bbox 189 496 243 553; x_wconf 87' lang='lat' dir='ltr'>tu,</span> <span class='ocrx_word' id='word_1_32' title='bbox 277 487 326 561; x_wconf 86' lang='lat' dir='ltr'>qui</span> <span class='ocrx_word' id='word_1_33' title='bbox 348 496 447 542; x_wconf 73' lang='lat' dir='ltr'>omnen</span> <span class='ocrx_word' id='word_1_34' title='bbox 469 482 518 541; x_wconf 89' lang='lat' dir='ltr'>isto</span> <span class='ocrx_word' id='word_1_35' title='bbox 539 479 688 557; x_wconf 87' lang='lat' dir='ltr'>eloquendi</span> <span class='ocrx_word' id='word_1_36' title='bbox 714 483 744 538; x_wconf 87' lang='lat'>&amp;</span> <span class='ocrx_word' id='word_1_37' title='bbox 773 472 1040 583; x_wconf 32' lang='lat' dir='ltr'>exprimendam&amp;</span> 
     </span>
     <span class='ocr_line' id='line_1_6' title="bbox 95 549 1096 644; baseline -0.002 -32"><span class='ocrx_word' id='word_1_38' title='bbox 95 572 180 616; x_wconf 85' lang='lat' dir='ltr'>encre</span> <span class='ocrx_word' id='word_1_39' title='bbox 193 559 334 635; x_wconf 82' lang='lat' dir='ltr'>superasti,</span> <span class='ocrx_word' id='word_1_40' title='bbox 353 559 431 619; x_wconf 74' lang='lat' dir='ltr'>ime</span> <span class='ocrx_word' id='word_1_41' title='bbox 444 557 532 634; x_wconf 80' lang='lat' dir='ltr'>petis?</span> <span class='ocrx_word' id='word_1_42' title='bbox 552 561 682 616; x_wconf 80' lang='lat' dir='ltr'><strong>Facerem</strong></span> <span class='ocrx_word' id='word_1_43' title='bbox 697 566 791 615; x_wconf 88' lang='lat' dir='ltr'>tamen</span> <span class='ocrx_word' id='word_1_44' title='bbox 807 596 815 623; x_wconf 91' lang='lat'>‚</span> <span class='ocrx_word' id='word_1_45' title='bbox 834 567 865 612; x_wconf 88' lang='lat' dir='ltr'>ut</span> <span class='ocrx_word' id='word_1_46' title='bbox 885 554 946 628; x_wconf 86' lang='lat' dir='ltr'>pos-</span> <span class='ocrx_word' id='word_1_47' title='bbox 956 597 1030 644; x_wconf 52' lang='lat' dir='ltr'>m</span> <span class='ocrx_word' id='word_1_48' title='bbox 1044 549 1096 599; x_wconf 78' lang='lat'>‘¹¹¹²</span> 
     </span>
     <span class='ocr_line' id='line_1_7' title="bbox 76 570 944 721; baseline 0.001 -34"><span class='ocrx_word' id='word_1_49' title='bbox 76 570 150 688; x_wconf 52' lang='lat' dir='ltr'>iem:</span> <span class='ocrx_word' id='word_1_50' title='bbox 172 635 217 694; x_wconf 86' lang='lat' dir='ltr'>sed</span> <span class='ocrx_word' id='word_1_51' title='bbox 237 637 326 712; x_wconf 88' lang='lat' dir='ltr'>(quod</span> <span class='ocrx_word' id='word_1_52' title='bbox 348 647 376 695; x_wconf 86' lang='lat' dir='ltr'>te</span> <span class='ocrx_word' id='word_1_53' title='bbox 398 634 513 694; x_wconf 72' lang='lat' dir='ltr'>minime</span> <span class='ocrx_word' id='word_1_54' title='bbox 534 635 615 708; x_wconf 87' lang='lat' dir='ltr'>fugit)</span> <span class='ocrx_word' id='word_1_55' title='bbox 635 649 712 721; x_wconf 26' lang='lat' dir='ltr'>opus,</span> <span class='ocrx_word' id='word_1_56' title='bbox 726 632 764 720; x_wconf 80' lang='lat' dir='ltr'>est</span> <span class='ocrx_word' id='word_1_57' title='bbox 788 631 822 689; x_wconf 88' lang='lat' dir='ltr'>ad</span> <span class='ocrx_word' id='word_1_58' title='bbox 841 636 944 718; x_wconf 79' lang='lat' dir='ltr'>poe&#39;rna</span> 
     </span>
     <span class='ocr_line' id='line_1_8' title="bbox 76 708 1093 796; baseline 0 -31"><span class='ocrx_word' id='word_1_59' title='bbox 76 708 199 781; x_wconf 87' lang='lat' dir='ltr'>quadam</span> <span class='ocrx_word' id='word_1_60' title='bbox 211 715 297 771; x_wconf 89' lang='lat' dir='ltr'>animi</span> <span class='ocrx_word' id='word_1_61' title='bbox 311 710 462 781; x_wconf 82' lang='lat' dir='ltr'>alacritate,</span> <span class='ocrx_word' id='word_1_62' title='bbox 481 727 566 786; x_wconf 89' lang='lat' dir='ltr'>quarn</span> <span class='ocrx_word' id='word_1_63' title='bbox 580 708 660 786; x_wconf 78' lang='lat' dir='ltr'>piane</span> <span class='ocrx_word' id='word_1_64' title='bbox 675 709 743 768; x_wconf 86' lang='lat' dir='ltr'>mrhr</span> <span class='ocrx_word' id='word_1_65' title='bbox 750 719 877 796; x_wconf 84' lang='lat' dir='ltr'>tempora</span> <span class='ocrx_word' id='word_1_66' title='bbox 891 722 943 765; x_wconf 88' lang='lat' dir='ltr'>en-</span> <span class='ocrx_word' id='word_1_67' title='bbox 953 710 976 755; x_wconf 89' lang='lat'>1&#39;·</span> <span class='ocrx_word' id='word_1_68' title='bbox 984 720 1093 759; x_wconf 71' lang='lat' dir='ltr'>cccxxvi.</span> 
     </span>
     <span class='ocr_line' id='line_1_9' title="bbox 74 783 942 864; baseline -0.001 -22"><span class='ocrx_word' id='word_1_69' title='bbox 74 783 164 856; x_wconf 82' lang='lat' dir='ltr'>piunt.</span> <span class='ocrx_word' id='word_1_70' title='bbox 203 784 322 847; x_wconf 77' lang='lat' dir='ltr'>Abduco</span> <span class='ocrx_word' id='word_1_71' title='bbox 338 789 467 864; x_wconf 87' lang='lat' dir='ltr'>equidem</span> <span class='ocrx_word' id='word_1_72' title='bbox 483 804 530 845; x_wconf 87' lang='lat' dir='ltr'>me</span> <span class='ocrx_word' id='word_1_73' title='bbox 551 786 584 844; x_wconf 83' lang='lat' dir='ltr'>ab</span> <span class='ocrx_word' id='word_1_74' title='bbox 598 788 677 844; x_wconf 88' lang='lat' dir='ltr'>omns</span> <span class='ocrx_word' id='word_1_75' title='bbox 700 783 855 859; x_wconf 83' lang='lat' dir='ltr'>reipubircae</span> <span class='ocrx_word' id='word_1_76' title='bbox 877 801 942 842; x_wconf 90' lang='lat' dir='ltr'>cura</span> 
     </span>
     <span class='ocr_line' id='line_1_10' title="bbox 74 857 944 948; baseline 0 -32"><span class='ocrx_word' id='word_1_77' title='bbox 74 857 206 938; x_wconf 83' lang='lat' dir='ltr'>dedoque</span> <span class='ocrx_word' id='word_1_78' title='bbox 219 861 328 922; x_wconf 76' lang='lat' dir='ltr'>litterisa</span> <span class='ocrx_word' id='word_1_79' title='bbox 346 864 392 922; x_wconf 91' lang='lat' dir='ltr'>sed</span> <span class='ocrx_word' id='word_1_80' title='bbox 406 876 500 922; x_wconf 85' lang='lat' dir='ltr'>tamen</span> <span class='ocrx_word' id='word_1_81' title='bbox 515 861 642 921; x_wconf 86' lang='lat' dir='ltr'>indicabo</span> <span class='ocrx_word' id='word_1_82' title='bbox 654 863 721 931; x_wconf 90' lang='lat' dir='ltr'>tibi,</span> <span class='ocrx_word' id='word_1_83' title='bbox 740 860 816 936; x_wconf 92' lang='lat' dir='ltr'>quod</span> <span class='ocrx_word' id='word_1_84' title='bbox 824 860 944 948; x_wconf 34' lang='lat' dir='ltr'>&#39;meher-</span> 
     </span>
     <span class='ocr_line' id='line_1_11' title="bbox 75 933 943 1024; baseline 0.003 -32"><span class='ocrx_word' id='word_1_85' title='bbox 75 933 138 993; x_wconf 76' lang='lat' dir='ltr'>culd</span> <span class='ocrx_word' id='word_1_86' title='bbox 153 939 182 996; x_wconf 92' lang='lat' dir='ltr'>in</span> <span class='ocrx_word' id='word_1_87' title='bbox 196 941 288 1014; x_wconf 84' lang='lat' dir='ltr'>primis</span> <span class='ocrx_word' id='word_1_88' title='bbox 301 951 330 998; x_wconf 89' lang='lat' dir='ltr'>te</span> <span class='ocrx_word' id='word_1_89' title='bbox 346 941 464 998; x_wconf 85' lang='lat' dir='ltr'>celatum</span> <span class='ocrx_word' id='word_1_90' title='bbox 480 938 616 997; x_wconf 86' lang='lat' dir='ltr'>volebam.</span> <span class='ocrx_word' id='word_1_91' title='bbox 651 938 771 1012; x_wconf 76' lang='lat' dir='ltr'>¹Angor,</span> <span class='ocrx_word' id='word_1_92' title='bbox 791 936 943 1024; x_wconf 72' lang='grc'><strong>1111111111-</strong></span> 
     </span>
     <span class='ocr_line' id='line_1_12' title="bbox 74 1007 942 1100; baseline 0.006 -34"><span class='ocrx_word' id='word_1_93' title='bbox 74 1007 143 1069; x_wconf 87' lang='lat' dir='ltr'>fime</span> <span class='ocrx_word' id='word_1_94' title='bbox 159 1014 258 1084; x_wconf 74' lang='lat' dir='ltr'>nater,</span> <span class='ocrx_word' id='word_1_95' title='bbox 277 1033 380 1091; x_wconf 87' lang='lat' dir='ltr'>angor,</span> <span class='ocrx_word' id='word_1_96' title='bbox 395 1016 497 1074; x_wconf 89' lang='lat' dir='ltr'>nullam</span> <span class='ocrx_word' id='word_1_97' title='bbox 511 1011 564 1072; x_wconf 77' lang='lat' dir='ltr'>esse</span> <span class='ocrx_word' id='word_1_98' title='bbox 577 1015 792 1098; x_wconf 84' lang='lat' dir='ltr'>rempublicam,</span> <span class='ocrx_word' id='word_1_99' title='bbox 812 1012 885 1100; x_wconf 84' lang='lat' dir='ltr'>nulia</span> <span class='ocrx_word' id='word_1_100' title='bbox 895 1030 942 1088; x_wconf 76' lang='lat' dir='ltr'>Ju-</span> 
     </span>
     <span class='ocr_line' id='line_1_13' title="bbox 74 1084 940 1174; baseline 0.005 -32"><span class='ocrx_word' id='word_1_101' title='bbox 74 1084 163 1156; x_wconf 82' lang='lat' dir='ltr'>dicia,</span> <span class='ocrx_word' id='word_1_102' title='bbox 182 1090 361 1167; x_wconf 79' lang='lat' dir='ltr'>nostrumque</span> <span class='ocrx_word' id='word_1_103' title='bbox 374 1093 430 1150; x_wconf 94' lang='lat' dir='ltr'>hoc</span> <span class='ocrx_word' id='word_1_104' title='bbox 443 1104 501 1149; x_wconf 90' lang='lat' dir='ltr'>tem</span> <span class='ocrx_word' id='word_1_105' title='bbox 522 1108 552 1148; x_wconf 81' lang='lat' dir='ltr'>uc</span> <span class='ocrx_word' id='word_1_106' title='bbox 566 1091 668 1157; x_wconf 83' lang='lat' dir='ltr'>aetatis,</span> <span class='ocrx_word' id='word_1_107' title='bbox 688 1088 764 1166; x_wconf 91' lang='lat' dir='ltr'>quod</span> <span class='ocrx_word' id='word_1_108' title='bbox 779 1107 806 1174; x_wconf 85' lang='grc'>111</span> <span class='ocrx_word' id='word_1_109' title='bbox 828 1089 871 1146; x_wconf 80' lang='grc'><strong>1111</strong></span> <span class='ocrx_word' id='word_1_110' title='bbox 892 1104 940 1146; x_wconf 72' lang='lat' dir='ltr'>au·</span> 
     </span>
     <span class='ocr_line' id='line_1_14' title="bbox 74 1109 1049 1269; baseline 0.003 -50"><span class='ocrx_word' id='word_1_111' title='bbox 74 1160 202 1223; x_wconf 64' lang='lat' dir='ltr'>&amp;oritate</span> <span class='ocrx_word' id='word_1_112' title='bbox 213 1167 347 1226; x_wconf 87' lang='lat' dir='ltr'>senatoria</span> <span class='ocrx_word' id='word_1_113' title='bbox 361 1168 457 1226; x_wconf 86' lang='lat' dir='ltr'>florere</span> <span class='ocrx_word' id='word_1_114' title='bbox 479 1109 615 1224; x_wconf 72' lang='lat' dir='ltr'>bdebebat</span> <span class='ocrx_word' id='word_1_115' title='bbox 631 1207 640 1235; x_wconf 87' lang='lat'>,</span> <span class='ocrx_word' id='word_1_116' title='bbox 659 1179 705 1224; x_wconf 90' lang='lat' dir='ltr'>aut</span> <span class='ocrx_word' id='word_1_117' title='bbox 726 1164 827 1223; x_wconf 81' lang='lat' dir='ltr'>forensi</span> <span class='ocrx_word' id='word_1_118' title='bbox 845 1165 939 1223; x_wconf 87' lang='lat' dir='ltr'>labore</span> <span class='ocrx_word' id='word_1_119' title='bbox 949 1150 1049 1269; x_wconf 48' lang='lat' dir='ltr'>ffb*</span> 
     </span>
     <span class='ocr_line' id='line_1_15' title="bbox 68 1234 1004 1311; baseline 0.001 -14"><span class='ocrx_word' id='word_1_120' title='bbox 68 1234 192 1311; x_wconf 62' lang='lat' dir='ltr'>jacan,</span> <span class='ocrx_word' id='word_1_121' title='bbox 218 1256 265 1301; x_wconf 89' lang='lat' dir='ltr'>aut</span> <span class='ocrx_word' id='word_1_122' title='bbox 286 1243 439 1302; x_wconf 84' lang='lat' dir='ltr'>domesticis</span> <span class='ocrx_word' id='word_1_123' title='bbox 459 1242 552 1301; x_wconf 85' lang='lat' dir='ltr'>litteris</span> <span class='ocrx_word' id='word_1_124' title='bbox 572 1241 717 1300; x_wconf 89' lang='lat' dir='ltr'>sustentari.</span> <span class='ocrx_word' id='word_1_125' title='bbox 754 1239 824 1299; x_wconf 90' lang='lat' dir='ltr'>lilud</span> <span class='ocrx_word' id='word_1_126' title='bbox 845 1240 939 1311; x_wconf 79' lang='lat' dir='ltr'>vcro,</span> <span class='ocrx_word' id='word_1_127' title='bbox 997 1256 1004 1270; x_wconf 91' lang='lat'><strong>·</strong></span> 
     </span>
     <span class='ocr_line' id='line_1_16' title="bbox 73 1313 790 1411; baseline 0.008 -40"><span class='ocrx_word' id='word_1_128' title='bbox 73 1313 153 1388; x_wconf 87' lang='lat' dir='ltr'>quod</span> <span class='ocrx_word' id='word_1_129' title='bbox 167 1313 183 1374; x_wconf 81' lang='lat' dir='ltr'>d</span> <span class='ocrx_word' id='word_1_130' title='bbox 198 1334 285 1390; x_wconf 87' lang='lat' dir='ltr'>puero</span> <span class='ocrx_word' id='word_1_131' title='bbox 299 1319 472 1387; x_wconf 86' lang='lat' dir='ltr'>adamatam,</span> <span class='ocrx_word' id='word_1_132' title='bbox 776 1391 790 1411; x_wconf 52' lang='grc' dir='ltr'><em>η</em></span> 
     </span>
     <span class='ocr_line' id='line_1_17' title="bbox 133 1390 884 1468; baseline 0 -22"><span class='ocrx_word' id='word_1_133' title='bbox 133 1430 154 1459; x_wconf 85' lang='grc'>,,</span> <span class='ocrx_word' id='word_1_134' title='bbox 175 1390 239 1448; x_wconf 62' lang='lat' dir='ltr'>Asin</span> <span class='ocrx_word' id='word_1_135' title='bbox 251 1391 378 1459; x_wconf 70' lang='grc' dir='ltr'>α’ριςεῠειν</span> <span class='ocrx_word' id='word_1_136' title='bbox 394 1437 403 1461; x_wconf 89' lang='grc'><em>,</em></span> <span class='ocrx_word' id='word_1_137' title='bbox 430 1399 477 1450; x_wconf 72' lang='grc' dir='ltr'>καὶ</span> <span class='ocrx_word' id='word_1_138' title='bbox 493 1393 630 1468; x_wconf 62' lang='grc' dir='ltr'><strong><em>ὑπείροχον</em></strong></span> <span class='ocrx_word' id='word_1_139' title='bbox 646 1392 757 1462; x_wconf 71' lang='grc' dir='ltr'>’ἔμμεναι</span> <span class='ocrx_word' id='word_1_140' title='bbox 773 1398 884 1462; x_wconf 76' lang='grc' dir='ltr'><strong>αλλων,</strong></span> 
     </span>
     <span class='ocr_line' id='line_1_18' title="bbox 72 1464 940 1556; baseline 0.008 -35"><span class='ocrx_word' id='word_1_141' title='bbox 72 1464 165 1523; x_wconf 79' lang='lat' dir='ltr'>toturn</span> <span class='ocrx_word' id='word_1_142' title='bbox 182 1469 325 1530; x_wconf 79' lang='lat' dir='ltr'>occidisse:</span> <span class='ocrx_word' id='word_1_143' title='bbox 345 1473 473 1530; x_wconf 88' lang='lat' dir='ltr'>inimicos</span> <span class='ocrx_word' id='word_1_144' title='bbox 488 1471 503 1530; x_wconf 68' lang='lat' dir='ltr'>&gt;a</span> <span class='ocrx_word' id='word_1_145' title='bbox 519 1473 670 1547; x_wconf 85' lang='lat' dir='ltr'>meparrim</span> <span class='ocrx_word' id='word_1_146' title='bbox 685 1489 742 1529; x_wconf 90' lang='lat' dir='ltr'>non</span> <span class='ocrx_word' id='word_1_147' title='bbox 752 1482 940 1556; x_wconf 81' lang='lat' dir='ltr'>oppugnatos,</span> 
     </span>
     <span class='ocr_line' id='line_1_19' title="bbox 72 1540 938 1633; baseline 0.002 -33"><span class='ocrx_word' id='word_1_148' title='bbox 72 1542 172 1613; x_wconf 76' lang='lat' dir='ltr'>partim</span> <span class='ocrx_word' id='word_1_149' title='bbox 188 1546 270 1605; x_wconf 86' lang='lat' dir='ltr'>eriam</span> <span class='ocrx_word' id='word_1_150' title='bbox 285 1540 338 1605; x_wconf 83' lang='lat' dir='ltr'>esse</span> <span class='ocrx_word' id='word_1_151' title='bbox 353 1544 492 1606; x_wconf 84' lang='lat' dir='ltr'>defensos:</span> <span class='ocrx_word' id='word_1_152' title='bbox 513 1562 609 1606; x_wconf 87' lang='lat' dir='ltr'>meum</span> <span class='ocrx_word' id='word_1_153' title='bbox 624 1565 682 1606; x_wconf 92' lang='lat' dir='ltr'>non</span> <span class='ocrx_word' id='word_1_154' title='bbox 698 1540 785 1604; x_wconf 89' lang='lat' dir='ltr'>modo</span> <span class='ocrx_word' id='word_1_155' title='bbox 794 1564 938 1633; x_wconf 83' lang='lat' dir='ltr'>animum,</span> 
     </span>
     <span class='ocr_line' id='line_1_20' title="bbox 71 1613 939 1699; baseline 0.006 -24"><span class='ocrx_word' id='word_1_156' title='bbox 71 1613 119 1675; x_wconf 87' lang='lat' dir='ltr'>sed</span> <span class='ocrx_word' id='word_1_157' title='bbox 133 1636 171 1676; x_wconf 92' lang='lat' dir='ltr'>ne</span> <span class='ocrx_word' id='word_1_158' title='bbox 186 1620 281 1683; x_wconf 89' lang='lat' dir='ltr'>odium</span> <span class='ocrx_word' id='word_1_159' title='bbox 297 1625 410 1699; x_wconf 91' lang='lat' dir='ltr'>quidem</span> <span class='ocrx_word' id='word_1_160' title='bbox 419 1621 472 1682; x_wconf 85' lang='lat' dir='ltr'>effe</span> <span class='ocrx_word' id='word_1_161' title='bbox 486 1625 617 1683; x_wconf 89' lang='lat' dir='ltr'>liberum:</span> <span class='ocrx_word' id='word_1_162' title='bbox 638 1641 781 1698; x_wconf 88' lang='lat' dir='ltr'>unumque</span> <span class='ocrx_word' id='word_1_163' title='bbox 797 1641 831 1679; x_wconf 86' lang='lat' dir='ltr'>ex</span> <span class='ocrx_word' id='word_1_164' title='bbox 846 1641 939 1681; x_wconf 80' lang='lat' dir='ltr'>omni-</span> 
     </span>
     <span class='ocr_line' id='line_1_21' title="bbox 72 1688 937 1786; baseline 0.012 -37"><span class='ocrx_word' id='word_1_165' title='bbox 72 1688 122 1749; x_wconf 83' lang='lat' dir='ltr'>bus</span> <span class='ocrx_word' id='word_1_166' title='bbox 136 1692 271 1757; x_wconf 81' lang='lat' dir='ltr'>Caesarem</span> <span class='ocrx_word' id='word_1_167' title='bbox 286 1696 340 1757; x_wconf 84' lang='lat' dir='ltr'>esse</span> <span class='ocrx_word' id='word_1_168' title='bbox 353 1701 515 1768; x_wconf 88' lang='lat' dir='ltr'>inventum,</span> <span class='ocrx_word' id='word_1_169' title='bbox 536 1701 584 1776; x_wconf 94' lang='lat' dir='ltr'>qui</span> <span class='ocrx_word' id='word_1_170' title='bbox 598 1714 783 1786; x_wconf 75' lang='lat' dir='ltr'>metaurum,</span> <span class='ocrx_word' id='word_1_171' title='bbox 803 1713 937 1774; x_wconf 88' lang='lat' dir='ltr'>quantum</span> 
     </span>
     <span class='ocr_line' id='line_1_22' title="bbox 71 1771 937 1862; baseline 0.008 -35"><span class='ocrx_word' id='word_1_172' title='bbox 71 1776 128 1843; x_wconf 72' lang='lat' dir='ltr'>ego</span> <span class='ocrx_word' id='word_1_173' title='bbox 142 1771 261 1844; x_wconf 85' lang='lat' dir='ltr'>veliem,</span> <span class='ocrx_word' id='word_1_174' title='bbox 280 1787 400 1843; x_wconf 88' lang='lat' dir='ltr'>amaret,</span> <span class='ocrx_word' id='word_1_175' title='bbox 420 1778 562 1834; x_wconf 86' lang='lat' dir='ltr'>autetiam</span> <span class='ocrx_word' id='word_1_176' title='bbox 583 1775 669 1850; x_wconf 86' lang='lat' dir='ltr'>(sicut</span> <span class='ocrx_word' id='word_1_177' title='bbox 682 1776 725 1835; x_wconf 80' lang='lat' dir='ltr'>aiii</span> <span class='ocrx_word' id='word_1_178' title='bbox 739 1784 846 1862; x_wconf 78' lang='lat' dir='ltr'>putanti</span> <span class='ocrx_word' id='word_1_179' title='bbox 861 1776 937 1862; x_wconf 82' lang='lat' dir='ltr'>hunc</span> 
     </span>
     <span class='ocr_line' id='line_1_23' title="bbox 72 1847 937 1938; baseline 0.013 -38"><span class='ocrx_word' id='word_1_180' title='bbox 72 1854 161 1902; x_wconf 88' lang='lat' dir='ltr'>unum</span> <span class='ocrx_word' id='word_1_181' title='bbox 177 1847 247 1919; x_wconf 87' lang='lat' dir='ltr'>esse,</span> <span class='ocrx_word' id='word_1_182' title='bbox 266 1852 314 1926; x_wconf 92' lang='lat' dir='ltr'>qui</span> <span class='ocrx_word' id='word_1_183' title='bbox 330 1851 421 1910; x_wconf 87' lang='lat' dir='ltr'>vellet.</span> <span class='ocrx_word' id='word_1_184' title='bbox 459 1852 589 1923; x_wconf 89' lang='lat' dir='ltr'>Quorum</span> <span class='ocrx_word' id='word_1_185' title='bbox 612 1864 706 1909; x_wconf 87' lang='lat' dir='ltr'>tamen</span> <span class='ocrx_word' id='word_1_186' title='bbox 727 1852 794 1910; x_wconf 83' lang='lat' dir='ltr'>nihii</span> <span class='ocrx_word' id='word_1_187' title='bbox 814 1850 937 1938; x_wconf 66' lang='grc'><strong>11111111-</strong></span> 
     </span>
     <span class='ocr_line' id='line_1_24' title="bbox 71 1921 937 2015; baseline 0.01 -36"><span class='ocrx_word' id='word_1_188' title='bbox 71 1921 170 1990; x_wconf 89' lang='lat' dir='ltr'>modi,</span> <span class='ocrx_word' id='word_1_189' title='bbox 190 1935 221 1983; x_wconf 87' lang='lat' dir='ltr'>ut</span> <span class='ocrx_word' id='word_1_190' title='bbox 236 1943 290 2000; x_wconf 85' lang='lat' dir='ltr'>ego</span> <span class='ocrx_word' id='word_1_191' title='bbox 304 1943 351 1985; x_wconf 91' lang='lat' dir='ltr'>me</span> <span class='ocrx_word' id='word_1_192' title='bbox 370 1944 430 1985; x_wconf 90' lang='lat' dir='ltr'>non</span> <span class='ocrx_word' id='word_1_193' title='bbox 451 1922 536 1985; x_wconf 90' lang='lat' dir='ltr'>multa</span> <span class='ocrx_word' id='word_1_194' title='bbox 559 1926 745 2014; x_wconf 75' lang='lat' dir='ltr'>consolatione</span> <span class='ocrx_word' id='word_1_195' title='bbox 759 1926 883 2015; x_wconf 71' lang='lat' dir='ltr'>quotidie</span> <span class='ocrx_word' id='word_1_196' title='bbox 896 1929 937 1988; x_wconf 90' lang='lat' dir='ltr'>le·</span> 
     </span>
     <span class='ocr_line' id='line_1_25' title="bbox 70 1994 966 2087; baseline 0.015 -35"><span class='ocrx_word' id='word_1_197' title='bbox 70 1994 164 2055; x_wconf 85' lang='lat' dir='ltr'>niam:</span> <span class='ocrx_word' id='word_1_198' title='bbox 184 1999 286 2061; x_wconf 87' lang='lat' dir='ltr'>sedilia</span> <span class='ocrx_word' id='word_1_199' title='bbox 302 2000 359 2061; x_wconf 84' lang='lat' dir='ltr'>&#39;erit</span> <span class='ocrx_word' id='word_1_200' title='bbox 380 2001 530 2061; x_wconf 81' lang='lat' dir='ltr'>consolatio</span> <span class='ocrx_word' id='word_1_201' title='bbox 552 2004 696 2071; x_wconf 84' lang='lat' dir='ltr'>maxima,</span> <span class='ocrx_word' id='word_1_202' title='bbox 716 2005 736 2060; x_wconf 83' lang='grc'>11</span> <span class='ocrx_word' id='word_1_203' title='bbox 756 2021 810 2061; x_wconf 84' lang='lat' dir='ltr'>una</span> <span class='ocrx_word' id='word_1_204' title='bbox 826 2021 936 2065; x_wconf 75' lang='lat' dir='ltr'>ennius.</span> <span class='ocrx_word' id='word_1_205' title='bbox 960 2078 966 2087; x_wconf 78' lang='lat'><em>,</em></span> 
     </span>
     <span class='ocr_line' id='line_1_26' title="bbox 67 2074 1061 2153; baseline 0.011 -26"><span class='ocrx_word' id='word_1_206' title='bbox 67 2084 148 2129; x_wconf 91' lang='lat' dir='ltr'>nunc</span> <span class='ocrx_word' id='word_1_207' title='bbox 162 2075 196 2132; x_wconf 89' lang='lat' dir='ltr'>ad</span> <span class='ocrx_word' id='word_1_208' title='bbox 210 2077 253 2136; x_wconf 88' lang='lat' dir='ltr'>illa</span> <span class='ocrx_word' id='word_1_209' title='bbox 277 2078 341 2137; x_wconf 82' lang='lat' dir='ltr'>cres</span> <span class='ocrx_word' id='word_1_210' title='bbox 361 2076 546 2153; x_wconf 79' lang='lat' dir='ltr'>gravissimum</span> <span class='ocrx_word' id='word_1_211' title='bbox 566 2074 674 2146; x_wconf 83' lang='lat' dir='ltr'>accedit</span> <span class='ocrx_word' id='word_1_212' title='bbox 701 2080 742 2136; x_wconf 90' lang='lat' dir='ltr'>tui</span> <span class='ocrx_word' id='word_1_213' title='bbox 763 2078 1061 2142; x_wconf 74' lang='lat' dir='ltr'>desideriumcnrcs.</span> 
     </span>
     <span class='ocr_line' id='line_1_27' title="bbox 68 2139 934 2231; baseline 0.013 -26"><span class='ocrx_word' id='word_1_214' title='bbox 68 2139 223 2210; x_wconf 82' lang='lat' dir='ltr'>Gabinium</span> <span class='ocrx_word' id='word_1_215' title='bbox 236 2153 273 2224; x_wconf 89' lang='lat' dir='ltr'>sr,</span> <span class='ocrx_word' id='word_1_216' title='bbox 292 2167 323 2213; x_wconf 91' lang='lat' dir='ltr'>ut</span> <span class='ocrx_word' id='word_1_217' title='bbox 342 2155 424 2215; x_wconf 89' lang='lat' dir='ltr'>Pansa</span> <span class='ocrx_word' id='word_1_218' title='bbox 444 2167 521 2231; x_wconf 86' lang='lat' dir='ltr'>putat</span> <span class='ocrx_word' id='word_1_219' title='bbox 539 2152 710 2230; x_wconf 79' lang='lat' dir='ltr'>oportuisse,</span> <span class='ocrx_word' id='word_1_220' title='bbox 730 2154 906 2216; x_wconf 78' lang='lat' dir='ltr'>defendissem</span> <span class='ocrx_word' id='word_1_221' title='bbox 925 2202 934 2228; x_wconf 92' lang='lat'>‚</span> 
     </span>
     <span class='ocr_line' id='line_1_28' title="bbox 144 2252 933 2295; baseline 0 0"><span class='ocrx_word' id='word_1_222' title='bbox 144 2252 148 2265; x_wconf 72' lang='grc'><strong>“</strong></span> <span class='ocrx_word' id='word_1_223' title='bbox 240 2258 243 2265; x_wconf 91' lang='grc'><em>·</em></span> <span class='ocrx_word' id='word_1_224' title='bbox 465 2272 468 2277; x_wconf 89' lang='grc'><strong>-</strong></span> <span class='ocrx_word' id='word_1_225' title='bbox 869 2254 933 2295; x_wconf 87' lang='lat' dir='ltr'>cou-</span> 
     </span>
    </p>
   </div>
   <div class='ocr_carea' id='block_1_3' title="bbox 57 2385 936 2962">
    <p class='ocr_par' dir='ltr' id='par_1_3' title="bbox 57 2385 936 2962">
     <span class='ocr_line' id='line_1_29' title="bbox 78 2385 934 2466; baseline 0.022 -32"><span class='ocrx_word' id='word_1_226' title='bbox 78 2406 81 2413; x_wconf 95' lang='lat'>·</span> <span class='ocrx_word' id='word_1_227' title='bbox 103 2395 141 2441; x_wconf 76' lang='lat'>32.</span> <span class='ocrx_word' id='word_1_228' title='bbox 153 2385 278 2439; x_wconf 68' lang='lat' dir='ltr'>&#39;Aureum</span> <span class='ocrx_word' id='word_1_229' title='bbox 287 2393 317 2437; x_wconf 76' lang='lat' dir='ltr'>ad</span> <span class='ocrx_word' id='word_1_230' title='bbox 325 2409 349 2440; x_wconf 78' lang='lat' dir='ltr'>ea</span> <span class='ocrx_word' id='word_1_231' title='bbox 358 2394 423 2450; x_wconf 73' lang='lat' dir='ltr'>ueri,</span> <span class='ocrx_word' id='word_1_232' title='bbox 439 2396 495 2457; x_wconf 68' lang='lat' dir='ltr'>&amp;nl</span> <span class='ocrx_word' id='word_1_233' title='bbox 511 2397 612 2448; x_wconf 80' lang='lat' dir='ltr'>Verbum</span> <span class='ocrx_word' id='word_1_234' title='bbox 629 2397 753 2458; x_wconf 74' lang='lat' dir='ltr'>Gratum,</span> <span class='ocrx_word' id='word_1_235' title='bbox 770 2396 934 2466; x_wconf 75' lang='lat' dir='ltr'>qualecunque</span> 
     </span>
     <span class='ocr_line' id='line_1_30' title="bbox 70 2443 934 2528; baseline 0.015 -26"><span class='ocrx_word' id='word_1_236' title='bbox 70 2443 104 2493; x_wconf 70' lang='lat' dir='ltr'>⁸st</span> <span class='ocrx_word' id='word_1_237' title='bbox 115 2480 123 2503; x_wconf 70' lang='lat'><em>2</em></span> <span class='ocrx_word' id='word_1_238' title='bbox 141 2451 334 2516; x_wconf 75' lang='lat' dir='ltr'>coniungi-deber</span> <span class='ocrx_word' id='word_1_239' title='bbox 345 2469 399 2505; x_wconf 86' lang='lat' dir='ltr'>cum</span> <span class='ocrx_word' id='word_1_240' title='bbox 410 2457 515 2517; x_wconf 79' lang='lat' dir='ltr'>sequenti</span> <span class='ocrx_word' id='word_1_241' title='bbox 525 2461 626 2511; x_wconf 80' lang='lat' dir='ltr'>clausula</span> <span class='ocrx_word' id='word_1_242' title='bbox 638 2497 645 2519; x_wconf 93' lang='lat'>,</span> <span class='ocrx_word' id='word_1_243' title='bbox 661 2463 776 2528; x_wconf 89' lang='lat' dir='ltr'>simulque</span> <span class='ocrx_word' id='word_1_244' title='bbox 792 2465 851 2511; x_wconf 90' lang='lat' dir='ltr'>ordo</span> <span class='ocrx_word' id='word_1_245' title='bbox 861 2469 934 2516; x_wconf 77' lang='lat' dir='ltr'>trimn&#39;</span> 
     </span>
     <span class='ocr_line' id='line_1_31' title="bbox 68 2509 936 2590; baseline 0.025 -34"><span class='ocrx_word' id='word_1_246' title='bbox 68 2509 198 2571; x_wconf 74' lang='lat' dir='ltr'>primarum</span> <span class='ocrx_word' id='word_1_247' title='bbox 215 2529 299 2564; x_wconf 84' lang='lat' dir='ltr'>vocum</span> <span class='ocrx_word' id='word_1_248' title='bbox 317 2517 486 2578; x_wconf 77' lang='lat' dir='ltr'>restituendus,</span> <span class='ocrx_word' id='word_1_249' title='bbox 504 2525 545 2585; x_wconf 84' lang='lat' dir='ltr'>qui</span> <span class='ocrx_word' id='word_1_250' title='bbox 560 2526 675 2588; x_wconf 75' lang='lat' dir='ltr'>perversus</span> <span class='ocrx_word' id='word_1_251' title='bbox 691 2539 760 2574; x_wconf 86' lang='lat' dir='ltr'>erat:</span> <span class='ocrx_word' id='word_1_252' title='bbox 781 2527 846 2590; x_wconf 88' lang='lat' dir='ltr'>quod</span> <span class='ocrx_word' id='word_1_253' title='bbox 862 2531 936 2580; x_wconf 87' lang='lat' dir='ltr'>etiam</span> 
     </span>
     <span class='ocr_line' id='line_1_32' title="bbox 69 2573 936 2653; baseline 0.022 -33"><span class='ocrx_word' id='word_1_254' title='bbox 69 2583 124 2621; x_wconf 71' lang='lat' dir='ltr'>tum</span> <span class='ocrx_word' id='word_1_255' title='bbox 136 2573 215 2635; x_wconf 81' lang='lat' dir='ltr'>nossra</span> <span class='ocrx_word' id='word_1_256' title='bbox 226 2579 397 2630; x_wconf 78' lang='lat' dir='ltr'>concordantes</span> <span class='ocrx_word' id='word_1_257' title='bbox 409 2583 550 2633; x_wconf 84' lang='lat' dir='ltr'>adnotarunt</span> <span class='ocrx_word' id='word_1_258' title='bbox 561 2588 676 2635; x_wconf 77' lang='lat' dir='ltr'>Germani</span> <span class='ocrx_word' id='word_1_259' title='bbox 687 2588 711 2635; x_wconf 92' lang='lat' dir='ltr'>in</span> <span class='ocrx_word' id='word_1_260' title='bbox 730 2590 836 2653; x_wconf 79' lang='lat' dir='ltr'>margine</span> <span class='ocrx_word' id='word_1_261' title='bbox 847 2588 879 2639; x_wconf 87' lang='lat' dir='ltr'>sui</span> <span class='ocrx_word' id='word_1_262' title='bbox 893 2607 936 2640; x_wconf 76' lang='lat' dir='ltr'>co-</span> 
     </span>
     <span class='ocr_line' id='line_1_33' title="bbox 69 2631 933 2717; baseline 0.028 -36"><span class='ocrx_word' id='word_1_263' title='bbox 69 2631 135 2684; x_wconf 77' lang='lat' dir='ltr'>dreis.</span> <span class='ocrx_word' id='word_1_264' title='bbox 168 2638 249 2688; x_wconf 79' lang='lat' dir='ltr'>Restat</span> <span class='ocrx_word' id='word_1_265' title='bbox 259 2656 321 2690; x_wconf 88' lang='lat' dir='ltr'>nunc</span> <span class='ocrx_word' id='word_1_266' title='bbox 331 2641 360 2690; x_wconf 85' lang='lat' dir='ltr'>de</span> <span class='ocrx_word' id='word_1_267' title='bbox 370 2645 537 2695; x_wconf 60' lang='lat' dir='ltr'>characteribus</span> <span class='ocrx_word' id='word_1_268' title='bbox 548 2648 687 2697; x_wconf 83' lang='lat' dir='ltr'>illisGraecis</span> <span class='ocrx_word' id='word_1_269' title='bbox 697 2646 801 2699; x_wconf 82' lang='lat' dir='ltr'>divinare</span> <span class='ocrx_word' id='word_1_270' title='bbox 813 2685 820 2706; x_wconf 92' lang='lat'><em>,</em></span> <span class='ocrx_word' id='word_1_271' title='bbox 836 2654 933 2717; x_wconf 88' lang='lat' dir='ltr'>quinon</span> 
     </span>
     <span class='ocr_line' id='line_1_34' title="bbox 69 2699 934 2771; baseline 0.028 -28"><span class='ocrx_word' id='word_1_272' title='bbox 69 2699 219 2749; x_wconf 79' lang='lat' dir='ltr'>mediocriter</span> <span class='ocrx_word' id='word_1_273' title='bbox 229 2709 331 2768; x_wconf 82' lang='lat' dir='ltr'>corrupti</span> <span class='ocrx_word' id='word_1_274' title='bbox 343 2705 401 2756; x_wconf 85' lang='lat' dir='ltr'>sunt.</span> <span class='ocrx_word' id='word_1_275' title='bbox 435 2723 479 2756; x_wconf 81' lang='lat' dir='ltr'>nos</span> <span class='ocrx_word' id='word_1_276' title='bbox 494 2709 605 2763; x_wconf 58' lang='lat' dir='ltr'>irrisorie</span> <span class='ocrx_word' id='word_1_277' title='bbox 621 2708 660 2758; x_wconf 88' lang='lat' dir='ltr'>scri</span> <span class='ocrx_word' id='word_1_278' title='bbox 679 2710 768 2771; x_wconf 85' lang='lat' dir='ltr'>simus,</span> <span class='ocrx_word' id='word_1_279' title='bbox 788 2714 893 2763; x_wconf 82' lang='lat' dir='ltr'>videntes</span> <span class='ocrx_word' id='word_1_280' title='bbox 904 2727 934 2767; x_wconf 81' lang='lat' dir='ltr'>er&#39;r</span> 
     </span>
     <span class='ocr_line' id='line_1_35' title="bbox 69 2725 935 2832; baseline 0.023 -24"><span class='ocrx_word' id='word_1_281' title='bbox 69 2759 194 2812; x_wconf 81' lang='lat' dir='ltr'>verborum</span> <span class='ocrx_word' id='word_1_282' title='bbox 210 2763 320 2816; x_wconf 77' lang='grc'><strong>1111161111</strong></span> <span class='ocrx_word' id='word_1_283' title='bbox 336 2770 457 2818; x_wconf 82' lang='lat' dir='ltr'>accusandi</span> <span class='ocrx_word' id='word_1_284' title='bbox 473 2771 525 2819; x_wconf 85' lang='lat' dir='ltr'>casu</span> <span class='ocrx_word' id='word_1_285' title='bbox 540 2768 586 2820; x_wconf 82' lang='lat' dir='ltr'>effe</span> <span class='ocrx_word' id='word_1_286' title='bbox 601 2725 702 2822; x_wconf 61' lang='lat' dir='ltr'>omnspno</span> <span class='ocrx_word' id='word_1_287' title='bbox 712 2774 795 2825; x_wconf 88' lang='lat' dir='ltr'>debere</span> <span class='ocrx_word' id='word_1_288' title='bbox 805 2777 935 2832; x_wconf 73' lang='lat' dir='ltr'>disiionem</span> 
     </span>
     <span class='ocr_line' id='line_1_36' title="bbox 57 2818 935 2895; baseline 0.023 -22"><span class='ocrx_word' id='word_1_289' title='bbox 57 2818 153 2880; x_wconf 67' lang='lat' dir='ltr'>rislam,</span> <span class='ocrx_word' id='word_1_290' title='bbox 169 2825 194 2872; x_wconf 91' lang='lat' dir='ltr'>in</span> <span class='ocrx_word' id='word_1_291' title='bbox 206 2827 336 2893; x_wconf 79' lang='lat' dir='ltr'>nostroque</span> <span class='ocrx_word' id='word_1_292' title='bbox 348 2833 448 2895; x_wconf 85' lang='lat' dir='ltr'>antiquo</span> <span class='ocrx_word' id='word_1_293' title='bbox 458 2831 519 2883; x_wconf 86' lang='lat' dir='ltr'>libro</span> <span class='ocrx_word' id='word_1_294' title='bbox 530 2832 620 2884; x_wconf 80' lang='lat' dir='ltr'>format</span> <span class='ocrx_word' id='word_1_295' title='bbox 630 2850 669 2884; x_wconf 84' lang='lat' dir='ltr'>eas</span> <span class='ocrx_word' id='word_1_296' title='bbox 685 2838 803 2889; x_wconf 85' lang='lat' dir='ltr'>literarum</span> <span class='ocrx_word' id='word_1_297' title='bbox 819 2840 872 2888; x_wconf 88' lang='lat' dir='ltr'>iruic</span> <span class='ocrx_word' id='word_1_298' title='bbox 884 2858 935 2893; x_wconf 87' lang='lat' dir='ltr'>vet·</span> 
     </span>
     <span class='ocr_line' id='line_1_37' title="bbox 67 2880 934 2962; baseline 0.025 -30"><span class='ocrx_word' id='word_1_299' title='bbox 67 2880 100 2933; x_wconf 77' lang='lat' dir='ltr'>ho</span> <span class='ocrx_word' id='word_1_300' title='bbox 110 2885 234 2937; x_wconf 82' lang='lat' dir='ltr'>viciniores</span> <span class='ocrx_word' id='word_1_301' title='bbox 244 2892 269 2940; x_wconf 84' lang='lat'>&amp;</span> <span class='ocrx_word' id='word_1_302' title='bbox 280 2890 404 2942; x_wconf 68' lang='lat' dir='ltr'>similiores</span> <span class='ocrx_word' id='word_1_303' title='bbox 416 2897 574 2952; x_wconf 78' lang='lat' dir='ltr'>invenientes,</span> <span class='ocrx_word' id='word_1_304' title='bbox 590 2899 670 2962; x_wconf 87' lang='lat' dir='ltr'>itaque</span> <span class='ocrx_word' id='word_1_305' title='bbox 679 2900 809 2950; x_wconf 74' lang='lat' dir='ltr'>defluentes</span> <span class='ocrx_word' id='word_1_306' title='bbox 820 2916 844 2950; x_wconf 93' lang='lat' dir='ltr'>ut</span> <span class='ocrx_word' id='word_1_307' title='bbox 856 2905 934 2956; x_wconf 82' lang='lat' dir='ltr'>casum</span> 
     </span>
    </p>
   </div>
   <div class='ocr_carea' id='block_1_4' title="bbox 67 2945 934 3070">
    <p class='ocr_par' dir='ltr' id='par_1_4' title="bbox 67 2945 934 3070">
     <span class='ocr_line' id='line_1_38' title="bbox 67 2945 934 3070; baseline 0.029 -76"><span class='ocrx_word' id='word_1_308' title='bbox 67 2945 136 2995; x_wconf 82' lang='lat' dir='ltr'>ntum</span> <span class='ocrx_word' id='word_1_309' title='bbox 148 2950 306 3004; x_wconf 79' lang='lat' dir='ltr'>multitudinis</span> <span class='ocrx_word' id='word_1_310' title='bbox 319 2969 474 3070; x_wconf 59' lang='lat' dir='ltr'>numerotrae</span> <span class='ocrx_word' id='word_1_311' title='bbox 485 2958 602 3009; x_wconf 77' lang='lat' dir='ltr'>scierant.</span> <span class='ocrx_word' id='word_1_312' title='bbox 635 2962 713 3012; x_wconf 79' lang='lat' dir='ltr'>Utitur</span> <span class='ocrx_word' id='word_1_313' title='bbox 723 2978 800 3013; x_wconf 89' lang='lat' dir='ltr'>autem</span> <span class='ocrx_word' id='word_1_314' title='bbox 817 2965 874 3031; x_wconf 85' lang='lat' dir='ltr'>saepe</span> <span class='ocrx_word' id='word_1_315' title='bbox 890 2969 934 3019; x_wconf 83' lang='lat' dir='ltr'>irae</span> 
     </span>
    </p>
   </div>
   <div class='ocr_carea' id='block_1_5' title="bbox 67 3012 932 3082">
    <p class='ocr_par' dir='ltr' id='par_1_5' title="bbox 67 3012 932 3082">
     <span class='ocr_line' id='line_1_39' title="bbox 67 3012 932 3082; baseline 0.024 -21"><span class='ocrx_word' id='word_1_316' title='bbox 67 3012 149 3061; x_wconf 73' lang='lat' dir='ltr'>Graeca</span> <span class='ocrx_word' id='word_1_317' title='bbox 160 3027 219 3062; x_wconf 86' lang='lat' dir='ltr'>voce</span> <span class='ocrx_word' id='word_1_318' title='bbox 230 3017 329 3075; x_wconf 87' lang='lat' dir='ltr'>Cicero,</span> <span class='ocrx_word' id='word_1_319' title='bbox 345 3032 420 3081; x_wconf 85' lang='lat' dir='ltr'>eaque</span> <span class='ocrx_word' id='word_1_320' title='bbox 447 3021 483 3070; x_wconf 83' lang='lat' dir='ltr'>uic</span> <span class='ocrx_word' id='word_1_321' title='bbox 493 3023 548 3070; x_wconf 90' lang='lat' dir='ltr'>loco</span> <span class='ocrx_word' id='word_1_322' title='bbox 559 3023 622 3073; x_wconf 69' lang='lat' dir='ltr'>reste</span> <span class='ocrx_word' id='word_1_323' title='bbox 638 3029 763 3076; x_wconf 87' lang='lat' dir='ltr'>convenire</span> <span class='ocrx_word' id='word_1_324' title='bbox 774 3027 877 3077; x_wconf 86' lang='lat' dir='ltr'>viderur:</span> <span class='ocrx_word' id='word_1_325' title='bbox 894 3034 932 3082; x_wconf 86' lang='lat' dir='ltr'>vel</span> 
     </span>
    </p>
   </div>
   <div class='ocr_carea' id='block_1_6' title="bbox 63 3074 935 3508">
    <p class='ocr_par' dir='ltr' id='par_1_6' title="bbox 63 3074 935 3508">
     <span class='ocr_line' id='line_1_40' title="bbox 65 3074 935 3156; baseline 0.028 -35"><span class='ocrx_word' id='word_1_326' title='bbox 65 3076 131 3123; x_wconf 80' lang='lat' dir='ltr'>enirn</span> <span class='ocrx_word' id='word_1_327' title='bbox 141 3074 252 3129; x_wconf 69' lang='lat' dir='ltr'>irrisorie</span> <span class='ocrx_word' id='word_1_328' title='bbox 262 3082 367 3142; x_wconf 81' lang='lat' dir='ltr'>appellat</span> <span class='ocrx_word' id='word_1_329' title='bbox 379 3097 404 3130; x_wconf 84' lang='lat' dir='ltr'>ar</span> <span class='ocrx_word' id='word_1_330' title='bbox 437 3097 516 3133; x_wconf 85' lang='lat' dir='ltr'>menta</span> <span class='ocrx_word' id='word_1_331' title='bbox 527 3117 535 3140; x_wconf 90' lang='lat'>‚</span> <span class='ocrx_word' id='word_1_332' title='bbox 547 3098 577 3134; x_wconf 80' lang='lat' dir='ltr'>ex</span> <span class='ocrx_word' id='word_1_333' title='bbox 588 3086 671 3150; x_wconf 83' lang='lat' dir='ltr'>quibua</span> <span class='ocrx_word' id='word_1_334' title='bbox 682 3091 758 3150; x_wconf 70' lang='lat' dir='ltr'>podtae</span> <span class='ocrx_word' id='word_1_335' title='bbox 769 3089 806 3138; x_wconf 80' lang='lat' dir='ltr'>sua</span> <span class='ocrx_word' id='word_1_336' title='bbox 817 3095 935 3156; x_wconf 68' lang='lat' dir='ltr'>poemata·</span> 
     </span>
     <span class='ocr_line' id='line_1_41' title="bbox 64 3136 930 3215; baseline 0.025 -32"><span class='ocrx_word' id='word_1_337' title='bbox 64 3136 209 3194; x_wconf 77' lang='lat' dir='ltr'>conficiunt,</span> <span class='ocrx_word' id='word_1_338' title='bbox 225 3141 263 3189; x_wconf 84' lang='lat' dir='ltr'>ves</span> <span class='ocrx_word' id='word_1_339' title='bbox 280 3157 339 3206; x_wconf 88' lang='lat' dir='ltr'>quas</span> <span class='ocrx_word' id='word_1_340' title='bbox 356 3144 404 3192; x_wconf 90' lang='lat' dir='ltr'>inte</span> <span class='ocrx_word' id='word_1_341' title='bbox 415 3148 487 3209; x_wconf 82' lang='lat' dir='ltr'>ligit,</span> <span class='ocrx_word' id='word_1_342' title='bbox 508 3148 538 3194; x_wconf 91' lang='lat' dir='ltr'>de</span> <span class='ocrx_word' id='word_1_343' title='bbox 556 3151 665 3200; x_wconf 81' lang='lat' dir='ltr'>oratione</span> <span class='ocrx_word' id='word_1_344' title='bbox 676 3154 787 3215; x_wconf 82' lang='lat' dir='ltr'>quapiam</span> <span class='ocrx_word' id='word_1_345' title='bbox 800 3158 863 3204; x_wconf 84' lang='lat' dir='ltr'>Bruti</span> <span class='ocrx_word' id='word_1_346' title='bbox 876 3171 930 3209; x_wconf 85' lang='lat' dir='ltr'>cum</span> 
     </span>
     <span class='ocr_line' id='line_1_42' title="bbox 64 3200 929 3316; baseline 0.028 -71"><span class='ocrx_word' id='word_1_347' title='bbox 64 3200 148 3249; x_wconf 75' lang='lat' dir='ltr'>Attico</span> <span class='ocrx_word' id='word_1_348' title='bbox 157 3200 268 3262; x_wconf 78' lang='lat' dir='ltr'>loquens.</span> <span class='ocrx_word' id='word_1_349' title='bbox 302 3211 354 3316; x_wconf 53' lang='lat' dir='ltr'>Ego</span> <span class='ocrx_word' id='word_1_350' title='bbox 365 3219 463 3265; x_wconf 89' lang='lat' dir='ltr'>tamen,</span> <span class='ocrx_word' id='word_1_351' title='bbox 479 3207 496 3264; x_wconf 79' lang='lat' dir='ltr'><strong>fi</strong></span> <span class='ocrx_word' id='word_1_352' title='bbox 512 3210 579 3259; x_wconf 85' lang='lat' dir='ltr'>iilam</span> <span class='ocrx_word' id='word_1_353' title='bbox 595 3213 687 3263; x_wconf 87' lang='lat' dir='ltr'>causam</span> <span class='ocrx_word' id='word_1_354' title='bbox 703 3215 844 3273; x_wconf 77' lang='lat' dir='ltr'>habuissem,</span> <span class='ocrx_word' id='word_1_355' title='bbox 860 3216 929 3284; x_wconf 85' lang='lat' dir='ltr'>scrip-</span> 
     </span>
     <span class='ocr_line' id='line_1_43' title="bbox 64 3258 929 3345; baseline 0.03 -37"><span class='ocrx_word' id='word_1_356' title='bbox 64 3258 143 3311; x_wconf 77' lang='lat' dir='ltr'>nffem</span> <span class='ocrx_word' id='word_1_357' title='bbox 152 3261 322 3315; x_wconf 75' lang='lat' dir='ltr'>ardentiusinr</span> <span class='ocrx_word' id='word_1_358' title='bbox 337 3270 400 3320; x_wconf 74' lang='lat' dir='ltr'>ioue.</span> <span class='ocrx_word' id='word_1_359' title='bbox 432 3277 486 3336; x_wconf 71' lang='lat' dir='ltr'>Ego</span> <span class='ocrx_word' id='word_1_360' title='bbox 513 3272 561 3321; x_wconf 87' lang='lat' dir='ltr'>uod</span> <span class='ocrx_word' id='word_1_361' title='bbox 576 3278 642 3340; x_wconf 81' lang='lat' dir='ltr'>potui</span> <span class='ocrx_word' id='word_1_362' title='bbox 658 3277 766 3340; x_wconf 70' lang='lat' dir='ltr'>prestitit</span> <span class='ocrx_word' id='word_1_363' title='bbox 783 3279 870 3343; x_wconf 88' lang='lat' dir='ltr'>siquis,</span> <span class='ocrx_word' id='word_1_364' title='bbox 887 3287 929 3345; x_wconf 90' lang='lat' dir='ltr'>qui</span> 
     </span>
     <span class='ocr_line' id='line_1_44' title="bbox 63 3322 929 3404; baseline 0.027 -32"><span class='ocrx_word' id='word_1_365' title='bbox 63 3322 170 3372; x_wconf 81' lang='lat' dir='ltr'>nosiram</span> <span class='ocrx_word' id='word_1_366' title='bbox 181 3327 242 3376; x_wconf 84' lang='lat' dir='ltr'>hanc</span> <span class='ocrx_word' id='word_1_367' title='bbox 253 3331 394 3392; x_wconf 72' lang='lat' dir='ltr'>opinionem</span> <span class='ocrx_word' id='word_1_368' title='bbox 404 3346 454 3381; x_wconf 89' lang='lat' dir='ltr'>non</span> <span class='ocrx_word' id='word_1_369' title='bbox 464 3348 507 3398; x_wconf 81' lang='lat' dir='ltr'>pro</span> <span class='ocrx_word' id='word_1_370' title='bbox 538 3338 580 3393; x_wconf 88' lang='lat' dir='ltr'>rit,</span> <span class='ocrx_word' id='word_1_371' title='bbox 597 3338 722 3388; x_wconf 87' lang='lat' dir='ltr'>meliorem</span> <span class='ocrx_word' id='word_1_372' title='bbox 732 3340 778 3404; x_wconf 87' lang='lat' dir='ltr'>ipse</span> <span class='ocrx_word' id='word_1_373' title='bbox 792 3346 929 3394; x_wconf 85' lang='lat' dir='ltr'>certiorem·</span> 
     </span>
     <span class='ocr_line' id='line_1_45' title="bbox 82 3382 929 3504; baseline 0.028 -72"><span class='ocrx_word' id='word_1_374' title='bbox 82 3399 123 3499; x_wconf 47' lang='lat' dir='ltr'>cles</span> <span class='ocrx_word' id='word_1_375' title='bbox 123 3382 236 3440; x_wconf 71' lang='lat' dir='ltr'>invinerit</span> <span class='ocrx_word' id='word_1_376' title='bbox 242 3423 272 3504; x_wconf 48' lang='lat' dir='ltr'>:a</span> <span class='ocrx_word' id='word_1_377' title='bbox 265 3406 305 3441; x_wconf 86' lang='lat' dir='ltr'>me</span> <span class='ocrx_word' id='word_1_378' title='bbox 315 3408 412 3461; x_wconf 81' lang='lat' dir='ltr'>quoque</span> <span class='ocrx_word' id='word_1_379' title='bbox 421 3396 514 3447; x_wconf 83' lang='lat' dir='ltr'>habebit</span> <span class='ocrx_word' id='word_1_380' title='bbox 524 3397 567 3447; x_wconf 78' lang='lat' dir='ltr'>sue</span> <span class='ocrx_word' id='word_1_381' title='bbox 584 3399 706 3462; x_wconf 32' lang='lat' dir='ltr'>sententie·</span> <span class='ocrx_word' id='word_1_382' title='bbox 719 3406 833 3456; x_wconf 82' lang='lat' dir='ltr'>comitem</span> <span class='ocrx_word' id='word_1_383' title='bbox 844 3410 869 3458; x_wconf 77' lang='grc' dir='ltr'>δι</span> <span class='ocrx_word' id='word_1_384' title='bbox 887 3407 929 3456; x_wconf 83' lang='lat' dir='ltr'>de-</span> 
     </span>
     <span class='ocr_line' id='line_1_46' title="bbox 118 3456 302 3508; baseline 0.033 -9"><span class='ocrx_word' id='word_1_385' title='bbox 118 3462 198 3501; x_wconf 54' lang='lat' dir='ltr'>cretor</span> <span class='ocrx_word' id='word_1_386' title='bbox 226 3456 252 3504; x_wconf 73' lang='lat' dir='ltr'>V·</span> <span class='ocrx_word' id='word_1_387' title='bbox 272 3473 302 3508; x_wconf 74' lang='lat' dir='ltr'>or.</span> 
     </span>
    </p>
   </div>
   <div class='ocr_carea' id='block_1_7' title="bbox 477 3527 930 3590">
    <p class='ocr_par' dir='ltr' id='par_1_7' title="bbox 477 3527 930 3590">
     <span class='ocr_line' id='line_1_47' title="bbox 477 3527 930 3590; baseline 0.02 -18"><span class='ocrx_word' id='word_1_388' title='bbox 477 3527 603 3575; x_wconf 67' lang='lat' dir='ltr'>Vnam</span> <span class='ocrx_word' id='word_1_389' title='bbox 638 3557 641 3564; x_wconf 91' lang='lat'>·</span> <span class='ocrx_word' id='word_1_390' title='bbox 846 3548 882 3590; x_wconf 62' lang='lat'>50.</span> <span class='ocrx_word' id='word_1_391' title='bbox 901 3537 930 3581; x_wconf 68' lang='lat' dir='ltr'>St</span> 
     </span>
    </p>
   </div>
   <div class='ocr_carea' id='block_1_8' title="bbox 0 0 1152 3900">
    <p class='ocr_par' dir='ltr' id='par_1_8' title="bbox 0 0 1152 3900">
     <span class='ocr_line' id='line_1_48' title="bbox 0 0 1152 3900; baseline 0 3"><span class='ocrx_word' id='word_1_392' title='bbox 0 0 1152 3900; x_wconf 95' lang='lat' dir='ltr'> </span> 
     </span>
    </p>
   </div>
  </div>
 </body>
</html>
