2296 3900
245 130 327 214 1842
410 120 1020 196 tirrarennosnrernne.
1146 177 1148 182 .

241 232 303 301 uon
316 239 369 299 suit
381 238 524 308 eundum,
545 234 611 297 ebul
625 236 664 296 ob
679 248 712 295 ea
733 253 800 313 quae
819 234 856 295 ad
876 248 905 296 te
924 232 1043 313 scripsi,
1060 238 1119 299 turi
1145 233 1146 248 ¹

242 317 322 391 quod
340 315 430 375 Caesar
443 314 526 375 adest.
564 312 709 372 Dolabella
721 311 811 372 scribit
824 312 852 371 se
866 312 901 371 ad
922 330 972 371 me
995 312 1120 389 postridie

89 400 198 464 tiduum
244 393 334 452 'idus
358 391 588 469 ‹bumagistrum
611 389 784 449 molestum!
814 388 937 465 Lepidus
950 389 990 447 ad
1004 407 1052 449 me
1065 392 1121 451 heri

92 477 144 526 alii.

104 2327 331 2447 clunabuliusenim
345 2327 510 2387 *Rabulliua
548 2328 657 2397 Caesar,
677 2330 795 2404 opinor,
814 2346 850 2388 ex
871 2332 973 2389 uncia:
995 2330 1046 2389 etsi
1064 2328 1123 2389 mlnl

104 2415 117 2449 Ι
128 2419 154 2450 u·

244 469 350 545 vesperi
363 471 464 529 litteras
479 467 553 526 misit
566 466 673 526 Antio:
693 484 759 524 nam
773 466 813 525 ibi
834 477 892 525 erat
907 486 915 524 :
940 465 1029 525 habet
1048 468 1120 527 enim

245 544 383 617 domum,
403 563 489 621 quam
503 561 556 602 nos
569 541 762 601 vendidimus:
783 548 862 618 rogat
882 558 1075 617 magnopere,-
1092 556 1119 602 ut

245 620 297 682 fim
310 623 363 681 kal.
385 623 414 681 in
427 622 544 688 senatu;
565 639 613 678 me
635 621 664 678 &
685 618 733 678 fibi
759 621 790 678 &
820 619 921 705 Caesari
940 620 1121 678 veliementer

243 711 353 775 gratum
367 695 421 756 elle
437 697 584 756 faciurum.
621 708 690 771 puto
705 696 837 771 equidem
853 695 922 754 nrhrl
935 692 1002 752 effe.
1021 694 1120 755 dixiffet

245 778 340 835 tenim
354 776 403 834 tibi
416 771 526 833 forcalle
542 772 645 860 aliquid
660 773 768 859 Oppius
783 796 793 841 ;
813 771 957 859 quoniam=
973 771 1075 861 Bnlbuo
1087 773 1118 832 est

246 848 1119 1013 retii.stillet.ulluelitifflltt.r¹.¹²t.l{¹¹lt

146 1044 155 1060 .
193 1044 203 1064 .
247 1006 293 1065 die
307 1005 408 1063 Antii:
429 1022 486 1063 cras
500 1014 563 1071 ante
586 1003 732 1062 meridiem
752 1001 840 1061 dorni.
880 1000 929 1059 Tu
945 1003 1060 1073 velim,
1077 1002 1118 1062 nisi

247 1092 277 1142 te
299 1081 464 1159 impedivilli
481 1123 490 1149 ,
509 1080 582 1156 apud
603 1092 655 1139 nos
683 1077 773 1154 pridie¹
799 1078 853 1137 lral.
873 1088 941 1137 culn
961 1078 1042 1139 Pilia.
1079 1080 1117 1138 Te

248 1159 327 1234 spero
344 1176 410 1216 cum
426 1154 543 1217 Publilio
558 1153 717 1216 confecisse.
755 1154 888 1232 equidem·
902 1151 959 1213 kal.
972 1155 1005 1215 in
1020 1154 1119 1215 Tuscu·

247 1235 343 1296 lanum
364 1251 513 1299 recurram.
550 1250 598 1293 me
626 1234 702 1293 enim
730 1231 840 1291 absente
868 1232 968 1290 omnia
990 1250 1058 1291 cum
1076 1233 1120 1292 illis

247 1310 358 1386 transigi
373 1312 456 1369 malo.
495 1314 534 1387 Q.
549 1310 635 1369 fratris
650 1308 789 1385 epistolam
805 1308 840 1367 ad
853 1319 882 1366 te
905 1307 995 1378 misr,
1015 1327 1073 1369 non
1084 1309 1117 1368 sa·

246 1389 282 1446 t'is
301 1386 423 1446 humane
441 1387 516 1446 illam
536 1387 652 1462 quidem
677 1384 890 1462 respondentem
918 1384 992 1443 meis
1018 1386 1120 1454 litteus,

248 1463 300 1599 secl1
314 1476 410 1598 {amen
429 1465 508 1542 quod
526 1465 575 1522 tibi
593 1462 653 1523 satis
672 1462 724 1535 iit,
742 1475 773 1524 ut
793 1460 926 1541 equidem
940 1460 1078 1525 existimo.
1092 1474 1118 1521 tu

252 1556 282 1599 vr
301 1557 316 1599 e
334 1558 363 1600 n.

469 1692 733 1749 rrrsronn
763 1684 899 1748 antirri-

383 1854 626 1928 ercino
665 1853 923 1927 Arrrco
962 1852 995 1930 s'.

253 2017 387 2130 HErr
406 2021 499 2080 neseio
513 2022 580 2099 quid
593 2023 623 2082 in
636 2014 747 2097 strepitu
766 2020 864 2082 videor
885 2022 1045 2093 exaudisse,
1064 2020 1121 2081 cirin

324 2097 428 2157 diceres
442 2108 471 2156 t'e
484 2099 514 2159 in
523 2096 714 2159 Tusculanum
729 2106 894 2158 venturum:
916 2101 999 2177 quod
1013 2098 1123 2160 utinami

252 2174 355 2233 iterum
377 2177 501 2234 utinam!
522 2188 573 2235 tuo
587 2189 681 2241 tamen
696 2176 862 2235 commodo.
902 2176 998 2252 Lepta
1019 2195 1066 2236 me
1083 2193 1123 2234 ro·

253 2263 299 2325 gat
316 2293 325 2318 ,
344 2250 440 2320 ut‚sr
467 2252 536 2328 quid
554 2252 602 2312 fibi
624 2270 693 2327 opus
720 2252 752 2311 srt
767 2282 779 2322 ,·
810 2269 962 2311 accurram.
1004 2265 1124 2339 mortuus

255 2403 368 2481 adhuc:
388 2403 433 2463 sed
453 2404 543 2481 Lepta
563 2422 598 2463 ex
618 2404 727 2465 triente.
765 2417 873 2464 veretur
893 2418 994 2466 autem
1013 2425 1052 2467 ne
1071 2418 1121 2465 nou

252 2480 333 2541 liceat
346 2490 441 2540 tenere
456 2481 656 2551 hereditatem,
677 2481 786 2554 duspurc
800 2484 919 2542 omnino
927 2507 937 2551 ;
959 2484 1009 2544 sed
1022 2496 1122 2543 veretur

253 2569 358 2616 tamen.
396 2558 418 2616 is
446 2557 527 2634 igitur
555 2554 576 2615 s1
602 2558 713 2617 accierit
745 2576 909 2627 accurram;
950 2559 992 2622 fin
1014 2560 1119 2628 minin,

104 2648 123 2685 x
137 2637 223 2683 aliide·
255 2632 353 2693 ¹baud
366 2648 431 2692 ante
444 2634 530 2709 quim
545 2632 653 2694 necesse
666 2636 726 2694 erit.
768 2636 817 2694 Tu
831 2636 985 2708 Pollicem,
1006 2636 1120 2713 cumpo

104 2698 229 2751 ananam
254 2711 326 2770 teris.
368 2708 560 2769 ¹⁶Laudation
622 2713 729 2771 Porciae
742 2712 791 2770 tibi
812 2711 872 2771 misr
894 2715 1052 2773 comediam
1068 2734 1076 2773 ε
1093 2728 1118 2771 ac
1147 2767 1148 2770 ,

255 2785 292 2846 eb
307 2786 470 2862 properavi,
488 2784 553 2845 utfi
580 2786 641 2847 orte
655 2802 703 2848 aut
717 2788 847 2847 Domitio
869 2787 928 2847 filio
944 2832 955 2861 ,
974 2804 1025 2851 aut
1044 2791 1118 2850 Bruto

234 2870 237 2877 '
252 2864 426 2935 mitteretur,
444 2863 507 2923 haec
522 2865 685 2928 mitteretur.
722 2865 752 2924 id
764 2864 786 2924 fi
799 2865 848 2924 tibi
861 2866 912 2924 erit
927 2869 1117 2933 commodum,

1072 2959 1118 3003 m·

240 3122 243 3129 .
282 3108 322 3150 ts.
341 3093 768 3159 Magistrummotaestmmgistrnm:
784 3092 817 3145 fic
825 3094 900 3145 etiaim
917 3096 1027 3161 appellat
1037 3094 1119 3148 mir
1135 3122 1139 3141 ι

253 3159 321 3205 Fam.
337 3172 374 3219 ep.
383 3172 404 3211 7.
420 3157 511 3208 libne.
528 3160 585 3222 quia
600 3157 700 3207 docebat
719 3162 878 3215 Ciceronem,
895 3174 1008 3223 quonam
1018 3158 1118 3211 modost

240 3230 344 3281 -gereret
356 3218 463 3268 adversus
474 3222 607 3279 Caesarem,
630 3225 655 3271 &
667 3220 750 3286 quibus
768 3224 873 3271 maxime
889 3222 958 3271 rebus
974 3224 1054 3289 posset
1069 3223 1118 3272 illita

252 3283 361 3328 animum
371 3283 516 3348 recolligere.
549 3284 679 3344 Molestum:
697 3284 762 3348 qubd
778 3285 840 3348 apud
856 3286 1005 3338 Ciceronem
1022 3289 1120 3352 frequen·

252 3341 300 3390 tior
309 3355 376 3397 erat,
394 3344 468 3407 quim
477 3348 532 3404 ille,
548 3348 593 3397 otii
606 3348 718 3411 cupidus,
733 3345 849 3398 voluisset.
865 3354 893 3399 Ρ.
900 3354 990 3401 Manae.
1022 3380 1026 3385 -

286 3413 323 3478 ro.
339 3408 517 3477 laudationem]
529 3415 583 3460 Hoc
592 3409 626 3461 est
642 3411 701 3463 aliua
717 3410 820 3477 epistola
834 3410 979 3477 priadpium
992 3409 1121 3479 hwelfi

254 3465 406 3522 dorombua.
438 3474 514 3525 anic.

1034 3552 1070 3601 17·
1083 3542 1125 3588 A*
