2296 3900
211 129 293 227 {⁸94
355 126 500 197 Lissa
545 126 985 219 Quantusprtcrtaus

209 243 362 321 superiores
375 245 457 320 igitur
471 240 553 318 prius.
594 242 691 317 Quim
708 241 777 301 mihi
788 242 952 317 jucundum
971 286 980 313 ,
1001 262 1103 323 oppor-

62 327 180 389 ΨΜ·
213 321 282 381 turre
303 323 352 380 tibi
368 325 537 379 rssarnaeunr
557 320 660 379 litteras
682 317 836 378 reddidisse.
875 318 929 380 Tu
944 324 1019 381 vero
1031 329 1102 385 'cum

63 387 180 475 “Mil
216 399 311 459 Caffio
328 443 336 470 ‚
356 410 389 456 ut
402 410 503 457 cetera.
526 397 613 473 qu‘am
635 394 792 454 commode
813 408 941 467 autem,
970 401 1065 475 quod'
1076 397 1101 461 id
1119 397 1123 412 '

69 469 95 491 ¹²
117 486 120 491 ·
212 476 327 553 ipsum,
347 475 488 552 quod-me
502 492 625 542 mones,
646 466 796 549 quatriduo
816 486 883 533 ante
903 476 945 533 ad
959 494 1029 549 eutn
1046 476 1100 536 scti-

212 554 320 631 pseram
336 596 345 622 ,
365 552 582 628 exemplumque
597 568 724 609 mearum
738 551 894 610 litterarum
917 552 958 611 ad
981 565 1011 611 te
1027 552 1099 613 mise·

213 648 282 690 rarn.
324 628 404 689 ¹⁰sed
418 629 482 687 clnn
504 628 661 687 Dolabellae
681 628 776 703 άτιιιίᾳ
792 626 841 704 (stc
863 630 947 688 enim
964 640 997 687 tu
1011 630 1098 689 adrue

215 707 367 783 scripseras)
387 724 489 781 magna
503 705 696 781 desperatione
711 704 826 764 affesius
841 703 953 776 essem,
975 724 1045 766 ecce
1058 708 1096 767 tibi

218 788 249 855 Ιὃ(
264 786 340 842 Bruti
368 785 398 841 &
417 795 473 841 tuae
486 784 594 842 litterae.
615 784 659 841 ille
680 783 794 841 erilium
808 784 956 843 meditari:
993 802 1046 845 nos
1058 802 1098 843 tu·

217 872 278 923 tern
296 873 319 902 ¹¹
331 860 414 919 aliurn
430 876 543 937 portum
559 862 723 939 propiorem
736 861 802 921 huic
823 864 904 922 aetati
926 861 1094 924 videbamus:

566 970 570 977 ·
784 965 786 969 ·
1070 958 1094 999 rr

218 1081 306 1137 denam,
322 1096 372 1145 quo
388 1082 447 1132 alius
463 1078 607 1150 significatur
622 1078 651 1128 ab
670 1093 722 1134 eo,
741 1092 790 1142 quo
812 1089 866 1127 turn
888 1076 1025 1135 scriberet,
1040 1079 1090 1130 dier:

220 1143 277 1203 dein
288 1146 336 1199 eius
348 1146 439 1196 litteras
453 1145 541 1206 velperi
551 1142 664 1204 accepitl'e
676 1162 683 1200 3
700 1157 725 1191 ut
737 1144 793 1191 dare
803 1143 944 1205 quidquam
957 1144 1047 1201 adea,
1060 1140 1089 1194 nii

220 1206 345 1273 postridie,
362 1211 401 1258 via
413 1208 523 1273 potuerit.
556 1205 625 1255 Adde
638 1206 703 1269 quod
713 1204 745 1255 lie
756 1208 847 1254 litteras
858 1207 990 1257 concludit
1003 1225 1010 1255 r
1025 1214 1091 1269 litori

222 1275 423 1336 Pompeianarum.
441 1275 476 1320 Id.
489 1274 546 1319 Mai.
559 1272 688 1333 cogitabam:
705 1284 730 1317 ut
741 1266 870 1318 necessario
882 1282 943 1319 ante
959 1272 1026 1321 diem
1041 1272 1090 1321 illam

221 1336 283 1393 data
295 1334 390 1385 suerint,
424 1337 517 1398 scripte
530 1335 601 1399 igitur
612 1333 720 1382 videntur
729 1348 777 1382 ιιι.
790 1331 825 1380 ld.
839 1333 882 1397 qui
894 1333 948 1383 dies
960 1336 1014 1401 poll
1024 1340 1090 1385 Nonas

222 1396 266 1457 fir3
282 1399 347 1463 quod
358 1414 500 1464 argumento
517 1398 568 1451 eli,
584 1399 674 1445 litteras
691 1396 830 1460 praepollero
846 1396 948 1446 ordine.
965 1398 1092 1455 urdiximtrs'

223 1464 356 1511 collocatas
370 1462 438 1511 soille
479 1466 565 1509 Verum
583 1460 718 1509 molestiam
735 1460 868 1517 exhibent,
886 1477 942 1524 quae
961 1462 1016 1512 sunt
1026 1461 1091 1517 infra,

224 1525 270 1575 hac
279 1524 362 1574 eadum
374 1526 485 1590 epistola:
504 1526 549 1571 „Ad
558 1526 692 1570 Dolalnllam
701 1526 947 1586 ,quemadmodumribi
956 1528 1092 1589 diruptum,

219 1590 296 1653 sm‘pst
310 1591 429 1651 dilgenter.
464 1592 520 1636 Huc
542 1589 607 1635 enim
624 1589 720 1636 innuere
737 1587 870 1642 videntur,
896 1589 965 1638 hane
986 1589 1091 1654 epillslrut

224 1652 335 1715 scriptam
351 1653 401 1715 post
412 1668 451 1700 eas
463 1654 551 1701 litteras
563 1650 641 1707 sitisse,
659 1666 709 1713 quae
720 1648 827 1699 dicuntur
837 1649 908 1713 supra
919 1667 986 1702 vrtr.
999 1652 1089 1704 iddare.

224 1728 253 1765 ac
263 1729 385 1779 propterea
394 1714 450 1763 loco
462 1713 608 1762 movendam
622 1730 671 1761 non
686 1713 738 1763 else.
771 1719 825 1762 Nos
836 1715 866 1761 ad
878 1714 931 1764 lraec
948 1751 956 1770 ,
974 1717 1092 1829 inuuiqtt'l‘·

225 1779 282 1827 dem
294 1779 360 1828 datas
371 1778 475 1828 fatemur
485 1793 525 1826 eas
536 1778 640 1835 litteras,
657 1777 693 1825 sed
706 1792 821 1841 negamus
831 1776 863 1825 ob
875 1778 901 1826 id
917 1779 988 1842 sequi
1000 1816 1008 1839 ‚
1022 1794 1046 1831 ut

226 1842 326 1905 epistola
343 1842 456 1907 posterius
473 1844 555 1906 scripta
570 1842 618 1891 fit.>
651 1840 771 1905 Significat
784 1843 851 1889 'enim
867 1841 892 1890 se
909 1846 1004 1894 Cicero
1019 1847 1093 1895 linctu

226 1902 337 1970 scripsisse
348 1908 427 1955 Nonis
438 1905 505 1970 ipsis,
523 1920 573 1954 non
583 1902 678 1954 dedisse.
694 1904 759 1953 dedit
771 1918 850 1953 autern
862 1905 998 1968 postridie,
1014 1910 1055 1959 hoc
1063 1906 1095 1963 el,

226 1978 290 2027 vrrs.
303 1970 337 2021 ld.
350 1976 433 2034 Itaque
443 1972 525 2019 locum
535 1985 581 2033 ego
593 1971 660 2019 illurn
672 1970 704 2017 ita
714 1971 855 2032 interpretor
867 1990 875 2025 ,-
892 1985 965 2023 vrtr.
984 1974 1020 2023 ld.
1030 1975 1097 2019 lirum

226 2034 274 2081 dedi
279 2052 327 2082 ram
336 2038 384 2081 lene
399 2051 460 2081 mam
467 2069 474 2090 ,
490 2050 543 2098 quas
554 2042 608 2081 Non
621 2034 725 2079 tidelr'ret'
738 2050 889 2082 exaraveram.
902 2038 906 2047 “
925 2036 1033 2103 Malasp.

238 2108 242 2115 '
262 2113 297 2148 lo.
315 2101 358 2146 Sed
369 2116 416 2144 cum
427 2100 542 2145 Dolabella
552 2100 683 2156 uirtutum]
699 2101 752 2144 Nos
763 2100 861 2144 avaritie
873 2098 992 2161 legimus.
1011 2114 1063 2148 nim
1071 2096 1097 2148 stl-

226 2158 270 2225 pn
283 2163 386 2225 queritur
396 2161 550 2210 Dolabellam
561 2177 651 2209 nomen
667 2160 732 2222 quod
751 2159 791 2209 fibi
808 2158 916 2209 debebat
943 2165 1016 2213 nolle
1034 2162 1099 2212 dilor-

228 2237 297 2272 tere:
313 2226 440 2288 sepiusque
450 2224 480 2273 de
491 2226 538 2273 hoc
548 2228 646 2288 negorio
657 2225 769 2288 loquitur.
786 2237 835 2272 erat
848 2230 934 2273 autem
946 2227 1096 2275 hocavaritir.

229 2289 310 2344 Nam,
323 2304 353 2336 ne
363 2289 438 2346 anilia
446 2282 690 2351 l'cgas,repngnat,ut
701 2287 979 2352 arbitror‚illud‚qubd
990 2288 1013 2339 se
1024 2308 1061 2339 ma
1076 2304 1097 2337 ua

228 2350 261 2398 ob
286 2366 340 2399 earn
365 2366 416 2400 tent
444 2350 606 2415 desperatione
630 2350 741 2400 affedlutu
767 2347 814 2398 esse
844 2350 932 2402 dicit:
981 2354 1035 2403 dele

227 2414 293 2462 enim
305 2416 446 2462 Ciceronem
459 2415 573 2470 mirisrce,
587 2431 637 2463 non
648 2412 784 2465 offendebat
795 2418 872 2475 dfrele
881 2416 1038 2476 Dolabelte,
1047 2431 1098 2465 eurr·

229 2482 277 2539 que
291 2476 332 2527 ille
344 2476 440 2527 summis
451 2477 558 2527 laudibus
568 2480 592 2525 in
608 2481 698 2527 coelum
709 2479 797 2528 serebat
810 2494 816 2524 :
831 2479 914 2541 inquit
932 2484 1019 2531 enirn:
1037 2488 1099 2529 ossi·

228 2540 309 2589 labella
320 2542 386 2591 nollri
395 2558 493 2603 magnam
510 2545 602 2599 sitisset.
625 2558 706 2603 quanta
720 2543 748 2601 est
764 2542 919 2600 disdsupr'src.
957 2548 1100 2596 Contrarium

227 2603 300 2667 igitur
311 2601 366 2655 esset
377 2604 496 2653 sententlae
508 2604 584 2666 ipfius.
609 2609 686 2655 Vicior.
719 2606 835 2651 Dolabella
851 2610 964 2668 aerata]
994 2614 1100 2659 Hacvooe

227 2666 280 2717 usus
290 2682 340 2717 etat
352 2670 444 2716 Atticus
454 2670 478 2716 in
495 2667 533 2716 sua
544 2668 641 2730 epistola
653 2703 660 2725 ,
676 2684 730 2716 eum
748 2668 820 2715 vellet
837 2667 864 2716 in
882 2673 1023 2723 Dolabella
1034 2686 1101 2721 notare

206 2754 209 2759 ·
227 2730 396 2780 difficultatem
407 2732 444 2780 vel
456 2731 576 2779 defectum
587 2731 709 2780 solutionis
722 2732 823 2795 pecuniae
836 2731 903 2789 eius,
922 2752 1004 2799 quam
1021 2739 1101 2787 Cicero·

228 2796 254 2843 ni
266 2795 379 2850 debebat,
394 2809 423 2842 ex
435 2793 493 2843 dote
504 2796 556 2858 poll
566 2794 694 2844 divortium
706 2795 790 2843 Tulliae
802 2827 810 2849 ‚
826 2792 858 2842 de
869 2810 920 2858 qua
937 2800 1043 2865 epistola
1051 2800 1100 2863 supe·

229 2859 293 2909 riori.
318 2857 368 2907 'Est
378 2872 458 2906 autern
470 2859 575 2918 iunctum
585 2874 615 2907 ex
632 2862 647 2905 α’
664 2859 777 2922 particula
794 2864 896 2909 crrrerui
908 2864 938 2913 δι
957 2863 1099 2917 verbosis,

230 2920 255 2973 i'd
268 2921 315 2974 esi,
332 2920 399 2970 solvo
407 2939 414 2978 3
431 2935 455 2969 ut
471 2927 548 2970 aarum
559 2925 613 2984 ,qui
624 2938 674 2970 non
686 2922 719 2970 est
730 2919 1013 2989 solvendollesycltius.
1029 2932 1046 2975 Ρ

230 2985 328 3034 Retiius
340 2999 419 3032 autem
430 2986 470 3033 alii
481 2986 577 3049 legunt:
595 2994 646 3034 sum
656 3004 682 3033 cx
693 2987 808 3045 Dolabella
822 2986 909 3048 derasa
926 3008 1010 3055 magna
1052 3004 1100 3057 prro·

226 3052 284 3098 tione
294 3048 380 3112 offellus
395 3050 462 3108 cilina.
496 3052 608 3099 Graevius.
996 3072 999 3077 ·

264 3129 300 3165 ιι,
318 3116 404 3160 allium
414 3119 520 3175 porrum]
536 3119 604 3161 Mors
616 3126 695 3177 porrus
706 3113 828 3177 proximus
843 3110 975 3168 senestuti.
993 3116 1098 3168 Erfierrin

231 3178 376 3241 soors—omni
390 3178 452 3224 atati
463 3176 495 3227 est
506 3179 658 3237 communis,
682 3190 764 3225 tamen
775 3175 894 3225 senestute
907 3197 963 3229 non
974 3180 1052 3247 potest
1060 3182 1097 3227 lor·

233 3252 264 3300 ge
276 3237 352 3286 abesse
358 3258 366 3296 3
384 3239 440 3289 sicut
452 3240 525 3303 vulgo
536 3241 619 3290 dicitur
637 3276 643 3299 ,
668 3247 737 3291 Senes
760 3242 860 3289 alterum
880 3245 975 3306 pedem
998 3248 1024 3295 in
1044 3242 1096 3308 septaL

231 3299 291 3354 chro
302 3301 395 3352 habere.
429 3307 492 3352 Bene
503 3308 566 3352 Cato
579 3309 673 3353 Senex:
697 3309 758 3351 Mors
773 3308 830 3351 milri
845 3308 1006 3369 quidemn
1021 3306 1095 3371 1¹nt

231 3363 279 3421 est,
296 3378 333 3420 ut,
345 3381 386 3426 quo
394 3372 480 3430 propius
492 3370 521 3413 ad
531 3383 619 3414 mortem
634 3370 746 3424 accedam,
762 3368 822 3431 quast
836 3381 922 3417 terram
938 3376 1021 3421 videre
1035 3374 1095 3419 viden

230 3428 390 3490 aliquandoque
406 3436 428 3477 in
443 3444 528 3491 portum
542 3449 568 3476 erc
586 3434 648 3494 longa
665 3432 855 3492 nau1[qarr'onceffe
871 3450 994 3487 venturus.
1021 3440 1095 3499 Poput

230 3494 301 3559 Ego,
314 3490 392 3555 iuquit
404 3494 510 3551 Cicero,
525 3494 594 3567 aliter
604 3510 645 3549 rue
654 3494 765 3565 expedire
774 3493 916 3561 cogitabam
927 3490 1098 3553 omittendus
