2296 3900
143 110 914 197 Erier.a1>·Arrrennr.t775

32 234 204 313 bustuarii».
222 228 333 308 aquid?
353 231 402 289 tibi
418 230 549 301 Servius,
569 228 637 306 quid
656 226 791 289 videtur?
811 248 934 307 quam-q
951 238 1061 307 quidtibi

54 330 124 370 uam
144 308 171 364 ³⁶
180 310 235 367 hoc
249 307 352 367 nullam
364 307 398 365 ad
412 321 518 383 partem
533 308 607 366 valet
620 305 737 378 scilicet,
757 307 825 366 mihi
840 307 970 382 prae-dii·

34 331 154 456 lentim
175 386 223 462 qui
244 403 304 443 non
326 383 415 442 minus
435 386 507 442 bene
531 384 625 442 atium
647 400 713 441 cum
734 383 783 442 illis
805 400 911 459 putem.

35 465 106 543 quid
121 464 198 522 enim
213 461 304 521 sumus
320 459 332 518 ?
350 473 397 518 aut
411 460 477 537 quid
492 458 545 519 effe
560 472 572 501 r
577 456 738 544 possumus?
759 459 930 530 ³d01nine,t
948 458 1063 526 poffintue

37 559 75 600 art
89 542 158 599 foris
167 538 179 596 ?
188 537 265 613 quod
279 535 328 595 nist
343 538 411 594 mihi
426 541 481 596 boe
495 536 610 596 venillet
624 538 653 594 in
668 549 794 594 mentem
815 536 911 596 scribe·
921 531 971 577 ⁴1⁸³·
1009 591 1016 604 ,

38 634 70 677 te
83 618 133 693 ista
147 615 241 675 nescio
256 631 321 690 quae
336 657 345 684 ,
365 612 422 690 quo
444 626 582 673 verterem
604 630 674 682 me,
694 632 752 671 non
773 591 1019 707 haberemfflm
1031 588 1066 639 ¹¹

41 693 79 753 ad
93 688 290 760 Dolabellam,
310 703 341 749 ut
362 689 469 761 scribis,
488 691 525 749 ita
544 702 613 767 puto
637 690 814 758 faciendum,
835 693 915 748 atati·
966 690 977 711 ¹

43 788 114 838 τερα
142 768 273 846 quaedam
294 769 324 826 &
346 768 553 834 πολιτικώτερα.
592 767 752 825 faciendum
775 765 850 825 certe
871 767 920 825 ali·

42 847 118 925 quid
131 847 179 905 est.
217 843 332 905 arnalde
345 844 422 903 enim
437 843 579 903 desiderat.
615 842 745 903 Brutussr
766 843 850 919 quid,
866 860 920 978 ff

852 936 865 977 r
898 937 921 979 rr

48 1138 110 1185 bum
119 1135 135 1184 ὶ
145 1146 177 1185 te
209 1138 265 1184 Erat
274 1128 340 1184 enlm
352 1124 443 1184 atticus
456 1133 595 1197 Epicureum
613 1146 627 1180 a
639 1141 689 1196 quo
704 1135 776 1198 grege
792 1133 831 1183 bie
842 1132 921 1185 sermo

51 1201 143 1272 {lienus
153 1197 199 1255 est,
213 1213 233 1244 te
243 1200 351 1262 reliquum
365 1200 501 1260 consularem.
533 1202 606 1254 leia,
622 1195 716 1246 domus.
732 1199 822 1257 Junr'ut.
855 1202 923 1256 Περὶ

52 1264 136 1323 ιςιρίαι
151 1261 306 1311 retinendum.
340 1265 394 1310 Hoc
409 1263 473 1309 enim
483 1259 555 1310 dicit:
587 1257 648 1308 lllud
662 1272 743 1323 pretet
759 1260 881 1308 historiam
897 1262 924 1311 δι

54 1328 139 1373 'eontra
150 1325 287 1381 veritatem,
299 1323 366 1388 quod
377 1322 455 1373 scribis
470 1337 496 1372 tu
512 1321 651 1385 prasertim,
661 1324 702 1385 qui
713 1321 773 1372 soles
785 1323 827 1372 ista
838 1338 926 1374 curate.

55 1390 99 1435 Me
110 1388 225 1499 reliffuum
235 1386 396 1445 consulatem3
414 1402 468 1435 eum
479 1389 551 1436 etiam
562 1390 608 1437 Set.
620 1386 742 1449 sulpitius,
759 1389 785 1436 bt
797 1384 845 1449 ipse
857 1391 926 1435 Con·

56 1447 137 1507 solari,
166 1451 264 1515 uperstes
278 1449 321 1507 srt,
337 1450 437 1505 etiilroc
446 1465 501 1499 eum
510 1449 613 1513 pluribus
630 1465 660 1497 an
671 1446 732 1497 solus
743 1451 846 1513 reliquus
857 1454 927 1499 Con·

56 1511 137 1562 solatis
152 1514 213 1570 lim,
229 1513 321 1562 nullam
332 1515 361 1562 ad
375 1527 465 1577 partem
478 1513 537 1563 mibi
548 1511 645 1576 quidem
655 1512 736 1560 valet:
754 1515 794 1577 qui
809 1529 859 1560 non
880 1513 928 1562 mi·

58 1591 103 1631 nus
117 1577 179 1624 bene
189 1578 267 1626 auum
277 1579 331 1626 'cum
340 1579 387 1626 illis
399 1611 406 1632 ,
422 1581 463 1640 qui
479 1577 595 1641 perierunt
607 1609 614 1632 ,
631 1575 780 1633 existimem,
796 1575 870 1638 qnlm
881 1592 928 1625 uo·

58 1638 152 1688 biscum
164 1643 322 1702 quitavimus.
340 1641 400 1688 nihil
412 1642 476 1689 enim
488 1639 564 1689 sumus
575 1653 614 1687 aut
625 1639 758 1702 postumus,
775 1654 852 1703 neque
861 1638 930 1688 domi

57 1717 140 1764 neque
152 1701 217 1751 fotis.
250 1703 327 1750 immo
337 1701 378 1750 nist
391 1717 430 1750 me
441 1704 494 1751 huic
510 1701 623 1751 scribendi
636 1701 713 1750 studio
729 1700 842 1751 dedissem
854 1736 861 1757 ,
878 1706 929 1766 qub

59 1779 103 1814 me
120 1779 234 1815 verterem
250 1781 301 1813 non
315 1765 438 1816 habebam.
468 1764 541 1828 Qrod
551 1763 627 1829 ipsum
637 1767 711 1813 etiam
722 1767 825 1831 queritur
835 1765 876 1815 lib.
885 1781 929 1814 ur.

61 1833 104 1878 De
116 1826 213 1878 Officiis.
230 1830 318 1890 Popma.

94 1900 132 1944 36.
150 1896 196 1938 Hoc
203 1894 287 1938 nullam
297 1892 326 1938 ad
333 1902 416 1953 partem
425 1893 504 1949 vatim]
517 1895 563 1939 Hoc
572 1889 727 1939 Consularem
737 1889 782 1940 else
792 1893 840 1952 jam
850 1904 934 1953 pamm

60 1953 149 2012 refert,
166 1954 325 2031 nec-frustum
335 1954 411 2003 ullum
424 1952 503 2012 affert,
518 1967 558 2002 aut
569 1953 711 2018 dignitatem
721 1987 728 2011 ‚
739 1969 788 2003 uno
799 1953 888 2004 Celare
898 1968 936 2004 tt·

60 2019 491 2155 nessae‘l'weuenigdfffifegttwll‘rutut
499 2080 521 2138 fi
534 2081 589 2145 quid
604 2083 681 2144 egerit,
696 2081 753 2139 dre]
772 2080 841 2129 Nulli
849 2093 935 2130 manu·

63 2139 143 2254 serigo
158 2145 251 2193 codices
262 2158 345 2193 eorum
355 2160 416 2205 quos
432 2143 534 2194 vidimus
549 2146 614 2206 egerit
629 2142 735 2193 babent:
757 2147 783 2194 ὃ(
795 2141 851 2193 sane
867 2156 935 2194 raeat

63 2218 94 2255 ea
122 2208 185 2256 irtio.
202 2222 267 2257 totus
278 2222 357 2257 autem
367 2209 433 2256 locus
444 2207 508 2256 male'
518 2208 610 2270 punitis
621 2206 740 2256 distinetur
750 2221 799 2256 erat
807 2224 812 2254 :
820 2210 844 2256 in
855 2206 936 2257 nostro

66 2271 190 2319 volumine
201 2274 327 2320 accuratius
337 2286 365 2320 ea
376 2272 495 2320 collocata
506 2270 565 2320 lunt.
599 2269 725 2319 Dolabella
736 2273 799 2320 enim
811 2284 860 2320 erat
871 2305 878 2329 ‚
894 2270 938 2336 qui

65 2333 137 2399 ualde
148 2333 291 2383 defiderabat
303 2335 316 2383 a
327 2336 442 2383 Cicerone
451 2335 540 2397 aliquid
557 2333 625 2391 fieri,
665 2350 696 2382 uo
712 2334 805 2384 laudem
821 2336 938 2401 gloriam·

67 2402 116 2470 qne
126 2397 317 2462 consequeretur:
333 2411 358 2446 ut
369 2400 441 2446 etiam
455 2413 506 2446 non
521 2399 600 2446 multo
616 2349 668 2461 pol
683 2396 805 2455 affirmat,
827 2414 882 2446 eum
897 2400 938 2447 iu·

69 2468 122 2522 qurt
134 2476 140 2507 ε
159 2464 208 2508 Volo
219 2463 333 2508 Dolabella
344 2463 410 2508 valde
418 2462 544 2519 desideranti
555 2478 563 2507 .·
579 2477 620 2507 non
628 2464 706 2524 reperio
722 2465 785 2523 quid.
817 2462 881 2510 Bruti
892 2475 938 2509 vo·

69 2520 468 2588 luntatemnondumperspexerat:
484 2523 547 2585 jubet
559 2523 832 2587 igitur,utvideat,anit
842 2530 940 2587 quoque

67 2582 201 2635 eefideoet:
214 2586 385 2652 eoificupiet,
412 2588 589 2651 quamprimum
604 2601 697 2634 morem
712 2601 792 2651 gerere
809 2587 866 2635 vult.
898 2584 940 2635 Est

70 2662 153 2698 autem
168 2652 248 2699 omnis
261 2649 337 2699 sermo
352 2650 383 2699 de
397 2650 483 2707 libris,
499 2664 561 2713 quos
575 2649 622 2697 hoe
640 2662 749 2712 tempore
764 2648 834 2699 valde
849 2649 941 2699 multos

71 2710 185 2775 scribebat
196 2715 281 2762 Cicero
292 2730 299 2760 t
316 2712 366 2777 qub
375 2715 441 2762 enim
452 2712 475 2762 se
486 2725 584 2762 verterer
595 2726 645 2761 non
655 2711 755 2761 habebat
766 2747 774 2770 ,
789 2709 832 2760 nifi
842 2714 866 2760 id
877 2712 940 2762 sola-

70 2776 135 2824 tium
145 2774 178 2824 sui
193 2776 283 2825 doloris
298 2774 458 2840 excogitaffet.
492 2773 605 2825 Mittebat
620 2788 699 2824 autem
715 2777 770 2823 illos
786 2775 941 2825 familiaribus

72 2836 253 2903 neeellirriisque
272 2837 335 2896 suis,
355 2841 397 2902 qui
418 2839 581 2888 monumentis
602 2838 648 2886 illis
667 2838 778 2887 celebrari
803 2840 829 2888 δε
847 2839 941 2889 famam

73 2900 171 2966 adipisci
187 2918 237 2950 non
252 2902 401 2951 metsrocriter
415 2901 557 2966 gaudebant.
588 2904 621 2948 Ut
636 2915 715 2950 autem
731 2901 761 2949 ad
777 2900 846 2949 verba
862 2904 943 2952 venia-

73 2966 144 3013 fuus:
160 2971 253 3021 Brutus,
268 2967 361 3028 inquit,
380 2967 451 3030 fiquid
460 2968 541 3027 scilicet
555 2965 678 3022 defiderabr't
694 2963 778 3023 (fieri,
793 2968 900 3027 inquam,
914 2968 943 3019 ό·
1033 2959 1036 2973 ’

74 3030 107 3075 ad
116 3028 228 3103 seseribt‘)
240 3029 310 3088 faeiat
325 3042 351 3075 ut
361 3030 439 3102 stiam.
466 3026 531 3076 Mifit
542 3039 621 3101 autem
632 3029 653 3075 ei
663 3027 742 3101 pollen
754 3027 942 3091 quinquelibri»

74 3090 235 3225 2332er
247 3087 778 3218 turrisellalaetaremur
793 3092 941 3219 ”reali

76 3228 108 3267 ex
120 3222 262 3275 Decurtato,
277 3233 303 3266 ur
316 3219 443 3269 Lambinus
456 3216 590 3266 emendavit
605 3231 634 3264 ex
646 3215 815 3273 Tornaefiano‚
832 3225 910 3268 Brutus
918 3217 943 3281 β

76 3281 137 3354 ᾳιιῐάΙ
148 3287 231 3391 aferic:
253 3286 277 3331 δι
294 3283 375 3345 paullo
387 3280 462 3393 ἅοίὶ,
481 3282 520 3340 sed
533 3296 603 3327 tamen
619 3282 706 3344 aliquid
721 3284 775 3332 illic.
792 3281 879 3334 nouus.
911 3289 941 3335 itt

75 3343 156 3393 Ballio
167 3380 173 3392 .
184 3357 266 3393 tamen
276 3347 301 3395 δι
313 3347 386 3394 Helm
407 3381 413 3393 .
428 3343 670 3407 defidetttutquoque
680 3348 706 3394 to*
716 3351 786 3408 egerit.
802 3352 831 3396 Et
841 3362 881 3398 eut
891 3364 944 3398 non

76 3409 143 3520 Zeta
152 3407 309 3472 intelligatur,
326 3421 350 3456 at
360 3411 386 3457 in
397 3408 496 3474 epistola
505 3407 661 3471 precedente:
678 3414 707 3456 ,Α
717 3424 737 3456 te
744 3411 846 3474 exspem,
860 3412 944 3476 fiqtu‘d

115 3469 190 3529 frate.
203 3487 327 3539 quanquam
337 3475 413 3544 Niciae
425 3473 540 3537 crastum
550 3474 647 3540 meiat.
679 3475 796 3540 atquae
805 3477 833 3529 iu
846 3488 948 3549 utraque

426 3596 429 3601 .
740 3552 747 3577 ί
898 3551 950 3605 0220
