2296 3900
164 420 169 445 l

203 556 205 561 Δ
244 478 300 551 Pag'.

199 564 324 602 ccxxxrv.

198 848 210 888 l
226 838 315 891 Petulcr

199 903 252 956 filii·

352 39 434 117 1892
506 39 646 96 Birta
693 39 1114 108 Quaarusorrermut

349 136 482 200 dentem!
496 137 556 199 lral.
569 139 630 212 Jan.
644 133 756 203 debuit;
777 132 942 201 adhucnon
954 133 1040 195 solvit
1053 176 1064 205 ‚
1085 154 1115 211 pr

349 214 417 276 clam
438 218 466 276 se
488 217 615 276 marimo
643 229 700 273 aete
721 213 813 272 alieno
837 212 962 269 5-b‘aberii
985 229 1078 271 manu
1100 212 1114 270 l

349 291 404 353 ⁶&
425 295 521 370 Opem
544 295 578 352 ab
605 309 641 350 eo
661 290 778 366 petierit.
815 288 977 347 licet'enim
999 290 1114 363 jocari,

349 370 431 429 valde
446 371 642 431 conturbatum
658 379 745 442 putes.
783 376 866 440 atque
890 382 944 439 ego
966 364 1091 424 adeum
1110 386 1114 422 :

348 445 450 506 litteras
464 447 595 507 dederam
608 446 680 503 bene
696 440 796 501 mane:
817 439 920 499 eodem
935 442 1034 511 autem
1060 443 1110 501 die

349 532 420 581 teras
434 525 538 599 vesperi
552 538 713 597 acceperam
728 521 757 578 in
779 517 954 593 Pompeiano
974 560 983 587 ‚
1003 519 1073 585 ‚sane
1098 538 1114 577 c

349 602 433 659 tertio
448 602 492 659 abs
507 614 535 658 te
549 601 603 659 die.
642 597 704 666 sed,
725 609 756 654 ut
770 595 804 653 ad
818 607 846 653 te
861 612 897 653 eo
913 594 973 669 ipso
989 595 1036 654 die
1061 596 1114 653 scri

348 676 409 735 satis
424 678 559 735 aculeatas
573 677 608 735 ad
625 672 799 733 Dolabellam
814 670 915 729 litteras
930 670 997 730 dedi
1014 693 1021 730 z
1045 691 1114 750 quae

349 755 536 827 profecerint,
556 767 625 829 puto
641 753 719 818 sote,
740 761 771 807 ut
785 766 831 805 me
847 747 1014 823 praesentem
1025 768 1092 808 non
1108 756 1114 806 1

350 830 503 891 Albianum
523 843 551 889 te
572 824 721 890 confecisse
741 827 863 886 arbitror.
900 825 947 884 De
978 826 1112 886 tPatulci

350 1107 401 1149 ram
411 1100 551 1166 magnitudo,
565 1104 689 1166 canfiimtr'a
698 1099 865 1164 maleficiorum,
881 1098 973 1163 direptio
986 1098 1036 1160 eju's
1044 1100 1114 1162 peruia

351 1170 409 1213 ratio
422 1171 446 1213 in
457 1169 499 1213 ade
515 1171 565 1230 Opis
582 1169 673 1226 craftlla
694 1167 736 1226 est,
751 1170 803 1212 barac
813 1169 900 1213 tertiam
913 1166 1028 1210 decuriam
1043 1179 1114 1225 excogr

352 1229 379 1281 &
390 1229 442 1277 aliis
454 1229 595 1291 quibusdam
604 1232 663 1279 locis
675 1229 736 1278 barre
747 1244 797 1278 rem
813 1232 897 1294 tangit.
932 1230 1055 1276 Victorius.

387 1307 409 1347 5.
426 1296 513 1341 Taberr'i
528 1301 613 1351 mana]
642 1299 678 1341 lta
694 1290 795 1363 rescripsi
811 1306 854 1354 pro
870 1293 976 1340 Falerii:
999 1287 1114 1352 quodam

295 1414 297 1419 Ι
354 1367 429 1417 quens
442 1356 467 1402 in
478 1355 515 1404 bis
527 1354 630 1420 epistolis
641 1348 748 1404 librarios
761 1348 898 1411 induxit,ut
909 1351 969 1401 illud
981 1352 1114 1419 hic-quoqr

352 1424 422 1475 rent,
440 1418 497 1467 loco
512 1422 606 1469 Talerii.
623 1417 654 1467 sic
671 1420 736 1466 enim
749 1418 870 1483 Appianus
881 1418 990 1466 nominat
1002 1414 1111 1464 scribam

352 1481 418 1535 euius
430 1496 502 1530 manu
515 1483 635 1530 Antonius
650 1481 788 1530 abutebatur
801 1515 808 1538 ,
824 1483 850 1530 δι
860 1496 903 1544 pro
914 1479 990 1528 lubitu
1008 1479 1113 1527 mutabat

351 1540 423 1592 debat
434 1545 460 1592 in
471 1543 569 1594 Caesaris
579 1545 833 1607 Commentariiszqua
844 1541 969 1592 occasione
980 1542 1114 1590 Dolabella

371 1619 446 1655 artem
456 1608 505 1667 ejus
518 1609 633 1671 pecunie,
645 1621 718 1670 quam
730 1606 807 1656 Caesar
822 1608 847 1656 in
863 1607 956 1670 templo
972 1608 1036 1668 Opis
1049 1604 1114 1653 custc

352 1619 504 1733 deposuerat,
513 1672 618 1736 accepit,
632 1669 696 1734 quali
708 1685 721 1719 a
732 1667 823 1720 casare
834 1668 876 1743 ipsr
887 1669 1031 1731 adscriptam
1044 1671 1070 1719 dt
1085 1683 1111 1716 ar

352 1738 408 1781 bum
418 1746 501 1783 tamen
512 1733 538 1783 id
548 1736 667 1783 Antonius
677 1740 750 1783 madu
760 1733 855 1783 Taberri
866 1731 942 1783 scribae
953 1728 1086 1785 effeciss'et,
1105 1747 1114 1777 r

353 1808 526 1863 gam,magno
536 1810 581 1847 are
591 1797 670 1846 alieno
680 1795 876 1862 oppreffum‚fibr
886 1794 1114 1868 obnoxiumaefidum

351 1872 396 1908 ret.
428 1862 492 1909 Hinc
508 1861 574 1922 iocus
590 1863 729 1918 Ciceronis,
751 1858 905 1909 Dolabellam
923 1860 947 1908 se
962 1873 1080 1907 maximo
1100 1874 1114 1906 a

352 1921 451 1976 ’raberti
469 1939 544 1974 manu
559 1922 678 1981 liberasse,
690 1927 715 1975 ar
728 1928 807 1986 Opem
824 1924 853 1973 ab
868 1939 898 1973 eo
914 1921 1014 1988 petiill'e.
1028 1924 1114 1970 Memi

352 1984 396 2037 lib.
403 2002 459 2036 rvr.
483 1988 570 2051 Philip.
582 2003 603 2044 r,
617 2004 640 2044 2,
651 1991 676 2037 dt
688 1997 717 2038 aa
736 1989 840 2048 Velleius
853 1987 894 2038 lib.
908 2002 940 2035 11.
959 1990 983 2035 bt
997 1988 1114 2050 Appiano

353 2047 368 2096 a'
385 2048 417 2098 ud
434 2066 507 2112 quem
526 2050 646 2099 antonius
667 2051 691 2098 in
706 2046 814 2100 sermone
835 2050 915 2100 habito
935 2064 992 2099 cum
1017 2048 1111 2098 ostavi

350 2065 415 2160 illius
427 2115 529 2175 pecunia
539 2110 730 2175 dissipationem,
747 2113 803 2161 dicit
813 2128 866 2161 eam
876 2122 992 2176 tanquam
1008 2112 1080 2162 bona
1097 2127 1114 2176 tg

351 2172 427 2222 visam
437 2172 485 2223 esl'e
496 2177 522 2223 in
534 2174 682 2248 magistratus
695 2179 720 2225 ἃ
733 2175 872 2239 potestates,
889 2191 991 2239 excepto
1004 2175 1114 2226 Dolabel

351 2234 425 2301 tribus
436 2235 481 2284 suia
491 2236 624 2298 ,qualirllis
635 2254 649 2287 a
659 2238 750 2287 Caesare
762 2237 839 2287 luisset
850 2238 972 2303 allignata.
1008 2245 1105 2302 Popma.

385 2303 407 2349 6.
424 2305 454 2347 Er
465 2303 557 2362 oponab
570 2318 591 2347 eo
615 2305 704 2359 crinin]
726 2303 818 2350 Alludit
832 2303 861 2351 ad
876 2304 900 2351 in
919 2317 1001 2350 entem
1012 2305 1087 2352 illam
1105 2320 1114 2352 t

350 2361 410 2420 nlae,
426 2376 514 2428 quam,
526 2377 540 2411 a
551 2315 641 2413 cedre
650 2363 680 2413 de
697 2369 895 2428 Pompeianorum
903 2319 980 2414 lvonis
997 2366 1114 2416 redadtarr

351 2425 428 2475 aedem
442 2427 502 2490 Opis
513 2425 622 2476 custodiar
631 2425 709 2483 caulll
720 2429 836 2491 positam,
852 2431 970 2479 Antonius
982 2428 1103 2494 diripuit,

351 2485 524 2540 sedisttibuilse
537 2489 597 2539 dixit
613 2506 627 2538 e
642 2490 738 2540 Caesaris
754 2491 840 2540 libellis
858 2525 865 2548 ,
887 2491 937 2541 usus
954 2495 979 2541 in
996 2508 1028 2541 eo
1045 2495 1114 2543 Fabe

352 2553 482 2617 Philippica
495 2568 529 2603 rr.
548 2554 658 2602 Maximo
669 2567 706 2611 te,
723 2554 821 2619 lnquit,
839 2569 882 2603 are
898 2557 977 2616 aliero
990 2557 1022 2604 ad
1040 2559 1113 2607 arden

352 2610 450 2666 berasti:
468 2632 509 2679 per
519 2614 662 2680 easdemque
673 2612 764 2666 tabulas
781 2617 977 2667 innumerabilem
998 2625 1114 2683 pecuniar

352 2678 414 2732 visti.
446 2679 563 2744 Eligitur
574 2680 672 2743 pecunirl
683 2694 776 2745 emptus
792 2680 821 2729 ab
839 2682 949 2729 antonio
966 2683 1107 2733 Dolabella

352 2743 434 2792 alieno
445 2758 488 2792 are
499 2743 615 2795 liberarit.
632 2755 669 2806 ep.
679 2757 714 2803 14.
730 2745 770 2793 lib.
780 2758 834 2792 rvr.v
852 2746 981 2797 Dolabella,
1000 2747 1101 2809 inquit,

335 2842 338 2847 .
352 2823 387 2853 me
402 2809 487 2855 autam
499 2807 610 2866 deftndere
619 2807 724 2869 ertpeffer,
744 2825 785 2854 non
800 2809 862 2854 moda
873 2823 920 2853 eam
930 2809 1027 2867 deseruit
1039 2825 1114 2873 emptu

348 2870 481 2929 sedetiam,
497 2884 602 2935 quantum
613 2874 636 2917 in
647 2871 690 2933 ipso
700 2869 764 2929 fuir,
779 2877 863 2918 evertit.
899 2876 929 2918 Et
942 2873 1058 2921 oratione
1071 2876 1114 2937 pair

352 2934 462 2982 eonium:
479 2933 521 2982 Per
530 2935 578 2980 deor
589 2934 741 2982 immortales:
755 2947 774 2979 te
786 2938 841 2979 enim
853 2938 956 2988 r'nruens,
973 2937 1098 2983 Dolabella
1111 2972 1114 2982 a

352 2996 515 3059 carrffimmes,
532 3015 573 3044 nan
586 3000 667 3060 paffam
683 2998 708 3043 de
724 3002 835 3060 utriusque
853 2992 947 3055 zadram
963 3007 1035 3044 errore
1055 3005 1114 3047 reric

356 3063 430 3109 enim.
447 3078 486 3106 vos
498 3065 591 3107 borar'nes
603 3064 699 3116 nabiles,
716 3077 792 3123 magara
806 3063 902 3124 quadram
914 3061 1046 3121 spectantes,
1065 3082 1109 3110 non

358 3135 384 3170 att
399 3125 489 3186 quidam
500 3127 566 3171 ninais
575 3127 658 3171 creduli
671 3123 813 3186 suspicantur,
822 3126 861 3185 sid
871 3130 986 3170 caritatem
998 3128 1089 3172 civr'um

361 3187 481 3247 roncuprffcr
514 3192 545 3234 Et
563 3185 695 3237 laterculus
707 3186 813 3235 Historia
825 3186 867 3234 suat
879 3186 920 3235 lib.
935 3202 967 3236 tr.
993 3192 1080 3250 Septies
1091 3209 1114 3237 m

361 3248 497 3307 depofiruma
510 3258 530 3298 s.
544 3254 619 3311 Caejare
630 3253 658 3296 ad
670 3253 732 3297 adem
745 3256 807 3313 Opis,
827 3264 948 3311 resupnum
959 3252 986 3296 ab
999 3258 1109 3300 „Arrronio

361 3312 641 3370 ejusdemcrmmcnrariis3
659 3328 723 3375 arque
740 3317 814 3364 amnia
825 3318 894 3378 pretio
909 3328 1045 3380 temperata,
1061 3335 1114 3367 verr

362 3372 452 3438 nasale.
471 3374 571 3427 truria.
603 3381 630 3427 P.
639 3380 728 3431 asanaa.
