<?xml version="1.0" encoding="UTF-8"?>
<!DOCTYPE html PUBLIC "-//W3C//DTD XHTML 1.0 Transitional//EN"
    "http://www.w3.org/TR/xhtml1/DTD/xhtml1-transitional.dtd">
<html xmlns="http://www.w3.org/1999/xhtml" xml:lang="en" lang="en">
 <head>
  <title>
</title>
<meta http-equiv="Content-Type" content="text/html;charset=utf-8" />
  <meta name='ocr-system' content='tesseract 3.04.00' />
  <meta name='ocr-capabilities' content='ocr_page ocr_carea ocr_par ocr_line ocrx_word'/>
</head>
<body>
  <div class='ocr_page' id='page_1' title='image "./marcitulliicice04pedigoog_0680.png"; bbox 0 0 2296 3900; ppageno 0'>
   <div class='ocr_carea' id='block_1_1' title="bbox 49 86 828 274">
    <p class='ocr_par' dir='ltr' id='par_1_1' title="bbox 49 86 828 274">
     <span class='ocr_line' id='line_1_1' title="bbox 86 86 828 170; baseline 0.007 -20"><span class='ocrx_word' id='word_1_1' title='bbox 86 86 608 163; x_wconf 53' lang='lat' dir='ltr'><strong>‚,-larnnn.=</strong></span> <span class='ocrx_word' id='word_1_2' title='bbox 746 103 828 170; x_wconf 83' lang='lat'><strong>²¹71</strong></span> 
     </span>
     <span class='ocr_line' id='line_1_2' title="bbox 49 192 820 274; baseline 0 -19"><span class='ocrx_word' id='word_1_3' title='bbox 49 192 60 255; x_wconf 87' lang='lat' dir='ltr'><strong>l</strong></span> <span class='ocrx_word' id='word_1_4' title='bbox 74 196 104 255; x_wconf 92' lang='lat' dir='ltr'><strong>in</strong></span> <span class='ocrx_word' id='word_1_5' title='bbox 119 194 229 255; x_wconf 80' lang='lat' dir='ltr'><strong>easdem</strong></span> <span class='ocrx_word' id='word_1_6' title='bbox 242 195 368 255; x_wconf 82' lang='lat' dir='ltr'><strong>tenebras</strong></span> <span class='ocrx_word' id='word_1_7' title='bbox 381 195 522 264; x_wconf 81' lang='lat' dir='ltr'><strong>recidille,</strong></span> <span class='ocrx_word' id='word_1_8' title='bbox 541 213 629 272; x_wconf 88' lang='lat' dir='ltr'><strong>quum</strong></span> <span class='ocrx_word' id='word_1_9' title='bbox 643 195 727 254; x_wconf 89' lang='lat' dir='ltr'><strong>abeo</strong></span> <span class='ocrx_word' id='word_1_10' title='bbox 741 238 751 265; x_wconf 96' lang='lat'><strong>,</strong></span> <span class='ocrx_word' id='word_1_11' title='bbox 769 199 820 274; x_wconf 87' lang='lat' dir='ltr'><strong>qui</strong></span> 
     </span>
    </p>
   </div>
   <div class='ocr_carea' id='block_1_2' title="bbox 48 270 978 2916">
    <p class='ocr_par' dir='ltr' id='par_1_2' title="bbox 48 270 978 2860">
     <span class='ocr_line' id='line_1_3' title="bbox 49 270 823 348; baseline 0.001 -17"><span class='ocrx_word' id='word_1_12' title='bbox 49 274 180 332; x_wconf 88' lang='lat' dir='ltr'><strong>inomen</strong></span> <span class='ocrx_word' id='word_1_13' title='bbox 201 270 293 331; x_wconf 83' lang='lat' dir='ltr'><strong>ascivit</strong></span> <span class='ocrx_word' id='word_1_14' title='bbox 313 271 361 331; x_wconf 85' lang='lat' dir='ltr'><strong>libi</strong></span> <span class='ocrx_word' id='word_1_15' title='bbox 381 275 393 348; x_wconf 92' lang='lat'>(</span> <span class='ocrx_word' id='word_1_16' title='bbox 410 272 475 332; x_wconf 81' lang='lat' dir='ltr'><strong>cbm</strong></span> <span class='ocrx_word' id='word_1_17' title='bbox 496 275 525 332; x_wconf 93' lang='lat' dir='ltr'><strong>in</strong></span> <span class='ocrx_word' id='word_1_18' title='bbox 543 272 648 331; x_wconf 86' lang='lat' dir='ltr'><strong>Graecis</strong></span> <span class='ocrx_word' id='word_1_19' title='bbox 670 271 823 332; x_wconf 78' lang='lat' dir='ltr'><strong>civitatibus</strong></span> 
     </span>
     <span class='ocr_line' id='line_1_4' title="bbox 48 347 822 425; baseline 0.004 -21"><span class='ocrx_word' id='word_1_20' title='bbox 48 366 241 425; x_wconf 71' lang='lat' dir='ltr'><strong>ptumorum,</strong></span> <span class='ocrx_word' id='word_1_21' title='bbox 261 349 389 423; x_wconf 89' lang='lat' dir='ltr'><strong>oppreffis</strong></span> <span class='ocrx_word' id='word_1_22' title='bbox 407 349 483 419; x_wconf 87' lang='lat' dir='ltr'><strong>illis,</strong></span> <span class='ocrx_word' id='word_1_23' title='bbox 502 349 603 408; x_wconf 89' lang='lat' dir='ltr'><strong>eodem</strong></span> <span class='ocrx_word' id='word_1_24' title='bbox 618 347 647 405; x_wconf 91' lang='lat' dir='ltr'><strong>su</strong></span> <span class='ocrx_word' id='word_1_25' title='bbox 666 347 750 422; x_wconf 87' lang='lat' dir='ltr'><strong>plicio</strong></span> <span class='ocrx_word' id='word_1_26' title='bbox 763 349 822 407; x_wconf 83' lang='lat' dir='ltr'><strong>affi-</strong></span> 
     </span>
     <span class='ocr_line' id='line_1_5' title="bbox 49 422 826 502; baseline 0.001 -20"><span class='ocrx_word' id='word_1_27' title='bbox 49 429 68 500; x_wconf 65' lang='grc' dir='ltr'><strong>ς)</strong></span> <span class='ocrx_word' id='word_1_28' title='bbox 90 425 191 501; x_wconf 88' lang='lat' dir='ltr'><strong>petitur</strong></span> <span class='ocrx_word' id='word_1_29' title='bbox 205 466 229 494; x_wconf 67' lang='lat'><strong>,„</strong></span> <span class='ocrx_word' id='word_1_30' title='bbox 252 436 283 482; x_wconf 92' lang='lat' dir='ltr'><strong>ut</strong></span> <span class='ocrx_word' id='word_1_31' title='bbox 298 426 420 484; x_wconf 86' lang='lat' dir='ltr'><strong>vindices</strong></span> <span class='ocrx_word' id='word_1_32' title='bbox 438 438 521 502; x_wconf 88' lang='lat' dir='ltr'><strong>atque</strong></span> <span class='ocrx_word' id='word_1_33' title='bbox 543 441 630 500; x_wconf 89' lang='lat' dir='ltr'><strong>oppre</strong></span> <span class='ocrx_word' id='word_1_34' title='bbox 652 441 713 483; x_wconf 86' lang='lat' dir='ltr'><strong>ores</strong></span> <span class='ocrx_word' id='word_1_35' title='bbox 733 422 826 483; x_wconf 89' lang='lat' dir='ltr'><strong>domi·</strong></span> 
     </span>
     <span class='ocr_line' id='line_1_6' title="bbox 49 499 821 576; baseline -0.001 -16"><span class='ocrx_word' id='word_1_36' title='bbox 49 503 69 560; x_wconf 85' lang='lat' dir='ltr'><strong>is</strong></span> <span class='ocrx_word' id='word_1_37' title='bbox 87 501 151 560; x_wconf 87' lang='lat' dir='ltr'><strong>salvi</strong></span> <span class='ocrx_word' id='word_1_38' title='bbox 172 499 251 560; x_wconf 84' lang='lat' dir='ltr'><strong>lint?</strong></span> <span class='ocrx_word' id='word_1_39' title='bbox 271 501 354 560; x_wconf 87' lang='lat' dir='ltr'><strong>Hanc</strong></span> <span class='ocrx_word' id='word_1_40' title='bbox 379 518 434 576; x_wconf 83' lang='lat' dir='ltr'><strong>ego</strong></span> <span class='ocrx_word' id='word_1_41' title='bbox 447 503 587 560; x_wconf 81' lang='lat' dir='ltr'><strong>ciuitatem</strong></span> <span class='ocrx_word' id='word_1_42' title='bbox 608 499 704 557; x_wconf 88' lang='lat' dir='ltr'><strong>videre</strong></span> <span class='ocrx_word' id='word_1_43' title='bbox 716 500 821 568; x_wconf 85' lang='lat' dir='ltr'><strong>uelim,</strong></span> 
     </span>
     <span class='ocr_line' id='line_1_7' title="bbox 49 576 927 653; baseline -0.003 -17"><span class='ocrx_word' id='word_1_44' title='bbox 49 592 122 637; x_wconf 90' lang='lat' dir='ltr'><strong>utem</strong></span> <span class='ocrx_word' id='word_1_45' title='bbox 143 577 273 646; x_wconf 79' lang='lat' dir='ltr'><strong>vultam,</strong></span> <span class='ocrx_word' id='word_1_46' title='bbox 299 595 364 653; x_wconf 81' lang='lat' dir='ltr'><strong>quae</strong></span> <span class='ocrx_word' id='word_1_47' title='bbox 384 596 421 637; x_wconf 91' lang='lat' dir='ltr'><strong>ne</strong></span> <span class='ocrx_word' id='word_1_48' title='bbox 442 579 569 637; x_wconf 83' lang='lat' dir='ltr'><strong>traditam</strong></span> <span class='ocrx_word' id='word_1_49' title='bbox 589 576 706 653; x_wconf 89' lang='lat' dir='ltr'><strong>quidem</strong></span> <span class='ocrx_word' id='word_1_50' title='bbox 738 588 843 652; x_wconf 67' lang='lat' dir='ltr'><strong>arquev</strong></span> <span class='ocrx_word' id='word_1_51' title='bbox 858 591 927 645; x_wconf 64' lang='lat' dir='ltr'><strong>inm</strong></span> 
     </span>
     <span class='ocr_line' id='line_1_8' title="bbox 49 653 881 730; baseline -0.002 -18"><span class='ocrx_word' id='word_1_52' title='bbox 49 667 117 712; x_wconf 80' lang='lat' dir='ltr'><strong>utam</strong></span> <span class='ocrx_word' id='word_1_53' title='bbox 138 653 291 713; x_wconf 87' lang='lat' dir='ltr'><strong>libertatem</strong></span> <span class='ocrx_word' id='word_1_54' title='bbox 312 655 433 730; x_wconf 88' lang='lat' dir='ltr'><strong>recipere</strong></span> <span class='ocrx_word' id='word_1_55' title='bbox 454 654 559 730; x_wconf 83' lang='lat' dir='ltr'><strong>poifit?</strong></span> <span class='ocrx_word' id='word_1_56' title='bbox 590 654 704 727; x_wconf 89' lang='lat' dir='ltr'><strong>plusque</strong></span> <span class='ocrx_word' id='word_1_57' title='bbox 724 653 881 711; x_wconf 64' lang='lat' dir='ltr'><strong>timeatur:</strong></span> 
     </span>
     <span class='ocr_line' id='line_1_9' title="bbox 49 727 820 806; baseline 0.003 -21"><span class='ocrx_word' id='word_1_58' title='bbox 49 747 85 789; x_wconf 84' lang='lat' dir='ltr'><strong>:ro</strong></span> <span class='ocrx_word' id='word_1_59' title='bbox 99 747 205 788; x_wconf 90' lang='lat' dir='ltr'><strong>nomen</strong></span> <span class='ocrx_word' id='word_1_60' title='bbox 220 729 313 789; x_wconf 88' lang='lat' dir='ltr'>sublati</span> <span class='ocrx_word' id='word_1_61' title='bbox 325 731 394 806; x_wconf 82' lang='lat' dir='ltr'><strong>regis</strong></span> <span class='ocrx_word' id='word_1_62' title='bbox 420 731 506 806; x_wconf 71' lang='lat' dir='ltr'><strong>quim</strong></span> <span class='ocrx_word' id='word_1_63' title='bbox 522 729 644 789; x_wconf 89' lang='lat' dir='ltr'><strong>confidat</strong></span> <span class='ocrx_word' id='word_1_64' title='bbox 658 728 706 787; x_wconf 86' lang='lat' dir='ltr'><strong>fibi</strong></span> <span class='ocrx_word' id='word_1_65' title='bbox 723 770 732 792; x_wconf 83' lang='lat'><strong>.</strong></span> <span class='ocrx_word' id='word_1_66' title='bbox 753 727 820 788; x_wconf 78' lang='lat' dir='ltr'><strong>cbm</strong></span> 
     </span>
     <span class='ocr_line' id='line_1_10' title="bbox 50 806 822 882; baseline -0.004 -16"><span class='ocrx_word' id='word_1_67' title='bbox 50 806 164 882; x_wconf 91' lang='lat' dir='ltr'><strong>ipsum,</strong></span> <span class='ocrx_word' id='word_1_68' title='bbox 184 808 232 880; x_wconf 90' lang='lat' dir='ltr'><strong>qui</strong></span> <span class='ocrx_word' id='word_1_69' title='bbox 255 808 389 865; x_wconf 84' lang='lat' dir='ltr'><strong>maximas</strong></span> <span class='ocrx_word' id='word_1_70' title='bbox 409 825 476 882; x_wconf 79' lang='lat' dir='ltr'><strong>opes</strong></span> <span class='ocrx_word' id='word_1_71' title='bbox 495 808 641 874; x_wconf 85' lang='lat' dir='ltr'><strong>habuerit,</strong></span> <span class='ocrx_word' id='word_1_72' title='bbox 668 821 822 879; x_wconf 77' lang='lat' dir='ltr'><strong>prucorum</strong></span> 
     </span>
     <span class='ocr_line' id='line_1_11' title="bbox 49 881 825 959; baseline -0.001 -19"><span class='ocrx_word' id='word_1_73' title='bbox 49 883 200 941; x_wconf 78' lang='lat' dir='ltr'><strong>tsublatunt</strong></span> <span class='ocrx_word' id='word_1_74' title='bbox 215 881 327 942; x_wconf 84' lang='lat' dir='ltr'><strong>videat?</strong></span> <span class='ocrx_word' id='word_1_75' title='bbox 348 885 399 942; x_wconf 90' lang='lat' dir='ltr'><strong>Me</strong></span> <span class='ocrx_word' id='word_1_76' title='bbox 414 884 481 941; x_wconf 78' lang='lat' dir='ltr'><strong>uero</strong></span> <span class='ocrx_word' id='word_1_77' title='bbox 494 884 604 959; x_wconf 81' lang='lat' dir='ltr'><strong>posthae</strong></span> <span class='ocrx_word' id='word_1_78' title='bbox 625 900 661 940; x_wconf 92' lang='lat' dir='ltr'><strong>ne</strong></span> <span class='ocrx_word' id='word_1_79' title='bbox 676 898 825 940; x_wconf 89' lang='lat' dir='ltr'><strong>commen·</strong></span> 
     </span>
     <span class='ocr_line' id='line_1_12' title="bbox 49 958 928 1040; baseline 0 -24"><span class='ocrx_word' id='word_1_80' title='bbox 49 976 60 1017; x_wconf 86' lang='lat' dir='ltr'><strong>s</strong></span> <span class='ocrx_word' id='word_1_81' title='bbox 74 958 174 1017; x_wconf 85' lang='lat' dir='ltr'><strong>Caesari</strong></span> <span class='ocrx_word' id='word_1_82' title='bbox 187 973 254 1017; x_wconf 92' lang='lat' dir='ltr'><strong>tuo:</strong></span> <span class='ocrx_word' id='word_1_83' title='bbox 275 971 353 1019; x_wconf 89' lang='lat' dir='ltr'><strong>nete</strong></span> <span class='ocrx_word' id='word_1_84' title='bbox 368 959 481 1036; x_wconf 86' lang='lat' dir='ltr'><strong>quidem</strong></span> <span class='ocrx_word' id='word_1_85' title='bbox 496 958 602 1035; x_wconf 86' lang='lat' dir='ltr'><strong>ipsum,</strong></span> <span class='ocrx_word' id='word_1_86' title='bbox 622 958 642 1016; x_wconf 86' lang='lat' dir='ltr'><strong>st</strong></span> <span class='ocrx_word' id='word_1_87' title='bbox 657 975 704 1016; x_wconf 88' lang='lat' dir='ltr'><strong>me</strong></span> <span class='ocrx_word' id='word_1_88' title='bbox 718 958 819 1016; x_wconf 85' lang='lat' dir='ltr'><strong>audies.</strong></span> <span class='ocrx_word' id='word_1_89' title='bbox 893 1028 900 1038; x_wconf 91' lang='lat'><em>.</em></span> <span class='ocrx_word' id='word_1_90' title='bbox 921 1026 928 1040; x_wconf 46' lang='grc'>,</span> 
     </span>
     <span class='ocr_line' id='line_1_13' title="bbox 59 1026 942 1112; baseline 0 -20"><span class='ocrx_word' id='word_1_91' title='bbox 59 1034 120 1093; x_wconf 75' lang='lat' dir='ltr'><strong>card</strong></span> <span class='ocrx_word' id='word_1_92' title='bbox 133 1035 272 1094; x_wconf 82' lang='lat' dir='ltr'><strong>¹aellimas</strong></span> <span class='ocrx_word' id='word_1_93' title='bbox 285 1046 328 1093; x_wconf 91' lang='lat' dir='ltr'><strong>tot</strong></span> <span class='ocrx_word' id='word_1_94' title='bbox 343 1053 430 1094; x_wconf 87' lang='lat' dir='ltr'><strong>annos</strong></span> <span class='ocrx_word' id='word_1_95' title='bbox 444 1078 453 1103; x_wconf 87' lang='lat'><strong>,</strong></span> <span class='ocrx_word' id='word_1_96' title='bbox 472 1049 563 1112; x_wconf 77' lang='lat' dir='ltr'><strong>tquot</strong></span> <span class='ocrx_word' id='word_1_97' title='bbox 577 1034 624 1092; x_wconf 87' lang='lat' dir='ltr'><strong>ista</strong></span> <span class='ocrx_word' id='word_1_98' title='bbox 637 1047 702 1092; x_wconf 83' lang='lat' dir='ltr'><strong>aetas</strong></span> <span class='ocrx_word' id='word_1_99' title='bbox 716 1036 847 1109; x_wconf 83' lang='lat' dir='ltr'><strong>recipit,¹</strong></span> <span class='ocrx_word' id='word_1_100' title='bbox 862 1026 942 1105; x_wconf 63' lang='lat' dir='ltr'><strong>enth-</strong></span> 
     </span>
     <span class='ocr_line' id='line_1_14' title="bbox 49 1095 939 1186; baseline -0.007 -17"><span class='ocrx_word' id='word_1_101' title='bbox 49 1122 103 1186; x_wconf 76' lang='lat' dir='ltr'><strong>pter</strong></span> <span class='ocrx_word' id='word_1_102' title='bbox 116 1129 178 1170; x_wconf 88' lang='lat' dir='ltr'><strong>eam</strong></span> <span class='ocrx_word' id='word_1_103' title='bbox 194 1112 300 1169; x_wconf 86' lang='lat' dir='ltr'><strong>causam</strong></span> <span class='ocrx_word' id='word_1_104' title='bbox 315 1129 403 1186; x_wconf 91' lang='lat' dir='ltr'><strong>puero</strong></span> <span class='ocrx_word' id='word_1_105' title='bbox 415 1111 455 1170; x_wconf 83' lang='lat' dir='ltr'><strong>illi</strong></span> <span class='ocrx_word' id='word_1_106' title='bbox 471 1112 663 1186; x_wconf 85' lang='lat' dir='ltr'><strong>supplicaturus</strong></span> <span class='ocrx_word' id='word_1_107' title='bbox 678 1128 713 1168; x_wconf 86' lang='lat' dir='ltr'><strong>es.</strong></span> <span class='ocrx_word' id='word_1_108' title='bbox 733 1095 939 1168; x_wconf 58' lang='lat' dir='ltr'><strong>Dein-mr·</strong></span> 
     </span>
     <span class='ocr_line' id='line_1_15' title="bbox 49 1154 974 1265; baseline -0.001 -19"><span class='ocrx_word' id='word_1_109' title='bbox 49 1186 82 1247; x_wconf 77' lang='lat' dir='ltr'><strong>ud</strong></span> <span class='ocrx_word' id='word_1_110' title='bbox 96 1188 278 1262; x_wconf 75' lang='lat' dir='ltr'><strong>pulcherrime</strong></span> <span class='ocrx_word' id='word_1_111' title='bbox 300 1186 392 1246; x_wconf 82' lang='lat' dir='ltr'><strong>fecisti·</strong></span> <span class='ocrx_word' id='word_1_112' title='bbox 411 1205 443 1245; x_wconf 88' lang='lat' dir='ltr'><strong>ac</strong></span> <span class='ocrx_word' id='word_1_113' title='bbox 460 1188 525 1246; x_wconf 86' lang='lat' dir='ltr'><strong>facis</strong></span> <span class='ocrx_word' id='word_1_114' title='bbox 545 1189 573 1245; x_wconf 88' lang='lat' dir='ltr'><strong>in</strong></span> <span class='ocrx_word' id='word_1_115' title='bbox 595 1187 761 1254; x_wconf 82' lang='lat' dir='ltr'><strong>²Antoni0,</strong></span> <span class='ocrx_word' id='word_1_116' title='bbox 782 1187 824 1245; x_wconf 84' lang='lat' dir='ltr'><strong>vi·</strong></span> <span class='ocrx_word' id='word_1_117' title='bbox 832 1168 895 1265; x_wconf 61' lang='lat' dir='ltr'><strong>{raqsu</strong></span> <span class='ocrx_word' id='word_1_118' title='bbox 895 1154 974 1265; x_wconf 49' lang='grc' dir='ltr'><strong>ἔξω</strong></span> 
     </span>
     <span class='ocr_line' id='line_1_16' title="bbox 57 1263 939 1336; baseline 0.003 -15"><span class='ocrx_word' id='word_1_119' title='bbox 57 1276 233 1322; x_wconf 86' lang='lat' dir='ltr'><strong>convertatur</strong></span> <span class='ocrx_word' id='word_1_120' title='bbox 247 1264 263 1321; x_wconf 76' lang='lat' dir='ltr'><strong>i</strong></span> <span class='ocrx_word' id='word_1_121' title='bbox 278 1264 358 1321; x_wconf 89' lang='lat' dir='ltr'><strong>laude</strong></span> <span class='ocrx_word' id='word_1_122' title='bbox 373 1264 488 1321; x_wconf 84' lang='lat' dir='ltr'><strong>maximi</strong></span> <span class='ocrx_word' id='word_1_123' title='bbox 502 1264 588 1322; x_wconf 86' lang='lat' dir='ltr'><strong>animi</strong></span> <span class='ocrx_word' id='word_1_124' title='bbox 601 1263 637 1321; x_wconf 89' lang='lat' dir='ltr'><strong>ad</strong></span> <span class='ocrx_word' id='word_1_125' title='bbox 657 1263 822 1336; x_wconf 88' lang='lat' dir='ltr'>opinionem</span> <span class='ocrx_word' id='word_1_126' title='bbox 832 1295 877 1329; x_wconf 77' lang='grc' dir='ltr'><strong>ιιι.</strong></span> <span class='ocrx_word' id='word_1_127' title='bbox 890 1283 939 1331; x_wconf 70' lang='lat' dir='ltr'><strong>aui,</strong></span> 
     </span>
     <span class='ocr_line' id='line_1_17' title="bbox 49 1338 941 1417; baseline 0 -20"><span class='ocrx_word' id='word_1_128' title='bbox 49 1339 119 1398; x_wconf 85' lang='lat' dir='ltr'><strong>linis.</strong></span> <span class='ocrx_word' id='word_1_129' title='bbox 160 1341 234 1398; x_wconf 88' lang='lat' dir='ltr'><strong>Nam</strong></span> <span class='ocrx_word' id='word_1_130' title='bbox 249 1340 268 1397; x_wconf 90' lang='lat' dir='ltr'>fi</span> <span class='ocrx_word' id='word_1_131' title='bbox 286 1340 419 1398; x_wconf 75' lang='lat' dir='ltr'><strong>Odiaviut</strong></span> <span class='ocrx_word' id='word_1_132' title='bbox 431 1341 480 1398; x_wconf 89' lang='lat' dir='ltr'><strong>tibi</strong></span> <span class='ocrx_word' id='word_1_133' title='bbox 495 1338 600 1415; x_wconf 90' lang='lat' dir='ltr'><strong>placet,</strong></span> <span class='ocrx_word' id='word_1_134' title='bbox 619 1339 708 1413; x_wconf 78' lang='lat' dir='ltr'><strong>ique</strong></span> <span class='ocrx_word' id='word_1_135' title='bbox 723 1338 758 1396; x_wconf 92' lang='lat' dir='ltr'><strong>de</strong></span> <span class='ocrx_word' id='word_1_136' title='bbox 770 1351 941 1417; x_wconf 54' lang='lat' dir='ltr'><strong>no-aeuto·</strong></span> 
     </span>
     <span class='ocr_line' id='line_1_18' title="bbox 49 1411 900 1492; baseline 0.002 -20"><span class='ocrx_word' id='word_1_137' title='bbox 49 1417 110 1473; x_wconf 76' lang='lat' dir='ltr'><strong>tlute</strong></span> <span class='ocrx_word' id='word_1_138' title='bbox 131 1417 284 1492; x_wconf 86' lang='lat' dir='ltr'><strong>petendum</strong></span> <span class='ocrx_word' id='word_1_139' title='bbox 303 1416 358 1475; x_wconf 88' lang='lat' dir='ltr'><strong>fit:</strong></span> <span class='ocrx_word' id='word_1_140' title='bbox 385 1434 445 1474; x_wconf 90' lang='lat' dir='ltr'><strong>non</strong></span> <span class='ocrx_word' id='word_1_141' title='bbox 473 1415 621 1474; x_wconf 88' lang='lat' dir='ltr'><strong>dominum</strong></span> <span class='ocrx_word' id='word_1_142' title='bbox 642 1411 760 1489; x_wconf 82' lang='lat' dir='ltr'><strong>fugiffe,</strong></span> <span class='ocrx_word' id='word_1_143' title='bbox 779 1414 826 1474; x_wconf 90' lang='lat' dir='ltr'><strong>sed</strong></span> <span class='ocrx_word' id='word_1_144' title='bbox 834 1422 900 1454; x_wconf 80' lang='lat' dir='ltr'><strong>utum</strong></span> 
     </span>
     <span class='ocr_line' id='line_1_19' title="bbox 49 1472 910 1568; baseline -0.002 -17"><span class='ocrx_word' id='word_1_145' title='bbox 49 1509 124 1551; x_wconf 80' lang='lat' dir='ltr'><strong>:trem</strong></span> <span class='ocrx_word' id='word_1_146' title='bbox 145 1493 292 1551; x_wconf 88' lang='lat' dir='ltr'><strong>dominum</strong></span> <span class='ocrx_word' id='word_1_147' title='bbox 316 1489 438 1568; x_wconf 85' lang='lat' dir='ltr'><strong>quaehsse</strong></span> <span class='ocrx_word' id='word_1_148' title='bbox 458 1491 599 1551; x_wconf 79' lang='lat' dir='ltr'><strong>videberis.</strong></span> <span class='ocrx_word' id='word_1_149' title='bbox 636 1492 733 1566; x_wconf 88' lang='lat' dir='ltr'><strong>Quem</strong></span> <span class='ocrx_word' id='word_1_150' title='bbox 747 1472 910 1567; x_wconf 53' lang='lat' dir='ltr'><strong>qudem</strong></span> 
     </span>
     <span class='ocr_line' id='line_1_20' title="bbox 49 1566 828 1645; baseline 0.005 -22"><span class='ocrx_word' id='word_1_151' title='bbox 49 1588 52 1623; x_wconf 83' lang='grc' dir='ltr'><strong>ι</strong></span> <span class='ocrx_word' id='word_1_152' title='bbox 72 1570 110 1626; x_wconf 92' lang='lat' dir='ltr'><strong>ob</strong></span> <span class='ocrx_word' id='word_1_153' title='bbox 129 1586 186 1637; x_wconf 87' lang='lat' dir='ltr'><strong>ea,</strong></span> <span class='ocrx_word' id='word_1_154' title='bbox 205 1587 271 1645; x_wconf 87' lang='lat' dir='ltr'><strong>quae</strong></span> <span class='ocrx_word' id='word_1_155' title='bbox 291 1569 382 1627; x_wconf 89' lang='lat' dir='ltr'><strong>adhuc</strong></span> <span class='ocrx_word' id='word_1_156' title='bbox 401 1567 469 1625; x_wconf 84' lang='lat' dir='ltr'><strong>fecit</strong></span> <span class='ocrx_word' id='word_1_157' title='bbox 489 1612 497 1638; x_wconf 92' lang='lat'>‚</span> <span class='ocrx_word' id='word_1_158' title='bbox 524 1566 603 1643; x_wconf 73' lang='lat' dir='ltr'><strong>plane</strong></span> <span class='ocrx_word' id='word_1_159' title='bbox 630 1568 728 1642; x_wconf 89' lang='lat' dir='ltr'><strong>probo.</strong></span> <span class='ocrx_word' id='word_1_160' title='bbox 765 1567 828 1627; x_wconf 90' lang='lat' dir='ltr'><strong>sunt</strong></span> 
     </span>
     <span class='ocr_line' id='line_1_21' title="bbox 58 1643 827 1718; baseline 0 -16"><span class='ocrx_word' id='word_1_161' title='bbox 58 1643 217 1713; x_wconf 80' lang='lat' dir='ltr'><strong>laudanda,</strong></span> <span class='ocrx_word' id='word_1_162' title='bbox 235 1644 257 1702; x_wconf 84' lang='lat' dir='ltr'><strong>st</strong></span> <span class='ocrx_word' id='word_1_163' title='bbox 278 1645 367 1703; x_wconf 81' lang='lat' dir='ltr'><strong>modo</strong></span> <span class='ocrx_word' id='word_1_164' title='bbox 391 1654 487 1702; x_wconf 85' lang='lat' dir='ltr'><strong>contra</strong></span> <span class='ocrx_word' id='word_1_165' title='bbox 509 1646 626 1702; x_wconf 87' lang='lat' dir='ltr'><strong>alienam</strong></span> <span class='ocrx_word' id='word_1_166' title='bbox 648 1645 827 1718; x_wconf 84' lang='lat' dir='ltr'><strong>potentiam,</strong></span> 
     </span>
     <span class='ocr_line' id='line_1_22' title="bbox 49 1719 828 1796; baseline -0.001 -18"><span class='ocrx_word' id='word_1_167' title='bbox 49 1737 91 1794; x_wconf 74' lang='lat' dir='ltr'><strong>tro</strong></span> <span class='ocrx_word' id='word_1_168' title='bbox 110 1721 157 1779; x_wconf 82' lang='lat' dir='ltr'><strong>sua</strong></span> <span class='ocrx_word' id='word_1_169' title='bbox 176 1721 289 1796; x_wconf 84' lang='lat' dir='ltr'><strong>suscepit</strong></span> <span class='ocrx_word' id='word_1_170' title='bbox 311 1738 355 1778; x_wconf 90' lang='lat' dir='ltr'><strong>eas</strong></span> <span class='ocrx_word' id='word_1_171' title='bbox 373 1720 505 1779; x_wconf 63' lang='lat' dir='ltr'><strong>artiones.</strong></span> <span class='ocrx_word' id='word_1_172' title='bbox 543 1721 617 1779; x_wconf 85' lang='lat' dir='ltr'><strong>Cltm</strong></span> <span class='ocrx_word' id='word_1_173' title='bbox 631 1719 699 1777; x_wconf 79' lang='lat' dir='ltr'><strong>vero</strong></span> <span class='ocrx_word' id='word_1_174' title='bbox 709 1719 828 1796; x_wconf 73' lang='lat' dir='ltr'><strong>judicat,</strong></span> 
     </span>
     <span class='ocr_line' id='line_1_23' title="bbox 49 1795 827 1871; baseline -0.001 -16"><span class='ocrx_word' id='word_1_175' title='bbox 49 1796 117 1855; x_wconf 89' lang='lat' dir='ltr'><strong>nilli</strong></span> <span class='ocrx_word' id='word_1_176' title='bbox 130 1815 188 1855; x_wconf 89' lang='lat' dir='ltr'><strong>non</strong></span> <span class='ocrx_word' id='word_1_177' title='bbox 205 1796 294 1855; x_wconf 83' lang='lat' dir='ltr'><strong>modo</strong></span> <span class='ocrx_word' id='word_1_178' title='bbox 308 1796 415 1865; x_wconf 80' lang='lat' dir='ltr'><strong>heere,</strong></span> <span class='ocrx_word' id='word_1_179' title='bbox 440 1795 487 1854; x_wconf 82' lang='lat' dir='ltr'><strong>sed</strong></span> <span class='ocrx_word' id='word_1_180' title='bbox 507 1797 591 1854; x_wconf 85' lang='lat' dir='ltr'><strong>etiarn</strong></span> <span class='ocrx_word' id='word_1_181' title='bbox 613 1795 630 1853; x_wconf 75' lang='lat' dir='ltr'><strong>d</strong></span> <span class='ocrx_word' id='word_1_182' title='bbox 649 1808 679 1854; x_wconf 88' lang='lat' dir='ltr'><strong>te</strong></span> <span class='ocrx_word' id='word_1_183' title='bbox 700 1797 757 1871; x_wconf 91' lang='lat' dir='ltr'><strong>ipso</strong></span> <span class='ocrx_word' id='word_1_184' title='bbox 778 1796 827 1854; x_wconf 90' lang='lat' dir='ltr'><strong>tri-</strong></span> 
     </span>
     <span class='ocr_line' id='line_1_24' title="bbox 52 1867 825 1947; baseline 0 -17"><span class='ocrx_word' id='word_1_185' title='bbox 52 1891 100 1931; x_wconf 90' lang='lat' dir='ltr'><strong>um</strong></span> <span class='ocrx_word' id='word_1_186' title='bbox 115 1871 187 1940; x_wconf 82' lang='lat' dir='ltr'><strong>elle,</strong></span> <span class='ocrx_word' id='word_1_187' title='bbox 206 1886 237 1931; x_wconf 93' lang='lat' dir='ltr'><strong>ut</strong></span> <span class='ocrx_word' id='word_1_188' title='bbox 251 1873 386 1947; x_wconf 80' lang='lat' dir='ltr'><strong>rogandus</strong></span> <span class='ocrx_word' id='word_1_189' title='bbox 400 1871 432 1930; x_wconf 85' lang='lat' dir='ltr'><strong>sit</strong></span> <span class='ocrx_word' id='word_1_190' title='bbox 441 1891 492 1940; x_wconf 91' lang='lat' dir='ltr'><strong>,ne</strong></span> <span class='ocrx_word' id='word_1_191' title='bbox 506 1873 576 1932; x_wconf 90' lang='lat' dir='ltr'><strong>nolit</strong></span> <span class='ocrx_word' id='word_1_192' title='bbox 590 1867 643 1929; x_wconf 85' lang='lat' dir='ltr'><strong>effe</strong></span> <span class='ocrx_word' id='word_1_193' title='bbox 657 1890 709 1929; x_wconf 89' lang='lat' dir='ltr'><strong>nos</strong></span> <span class='ocrx_word' id='word_1_194' title='bbox 721 1872 825 1939; x_wconf 83' lang='lat' dir='ltr'><strong>salvos,</strong></span> 
     </span>
     <span class='ocr_line' id='line_1_25' title="bbox 49 1944 934 2023; baseline 0 -16"><span class='ocrx_word' id='word_1_195' title='bbox 49 1948 93 2007; x_wconf 77' lang='lat' dir='ltr'><strong>um</strong></span> <span class='ocrx_word' id='word_1_196' title='bbox 108 1967 237 2023; x_wconf 80' lang='lat' dir='ltr'><strong>magnam</strong></span> <span class='ocrx_word' id='word_1_197' title='bbox 253 1949 412 2006; x_wconf 86' lang='lat' dir='ltr'><strong>mercedem</strong></span> <span class='ocrx_word' id='word_1_198' title='bbox 427 1948 545 2007; x_wconf 75' lang='lat' dir='ltr'><strong>bstatuis.</strong></span> <span class='ocrx_word' id='word_1_199' title='bbox 585 1947 617 2004; x_wconf 89' lang='lat' dir='ltr'><strong>ld</strong></span> <span class='ocrx_word' id='word_1_200' title='bbox 638 1949 713 2005; x_wconf 88' lang='lat' dir='ltr'><strong>euim</strong></span> <span class='ocrx_word' id='word_1_201' title='bbox 735 1946 847 2022; x_wconf 73' lang='lat' dir='ltr'><strong>ipsuma</strong></span> <span class='ocrx_word' id='word_1_202' title='bbox 863 1944 934 2022; x_wconf 55' lang='lat' dir='ltr'><strong>9³¹⁰ss</strong></span> 
     </span>
     <span class='ocr_line' id='line_1_26' title="bbox 49 2013 978 2119; baseline 0 -36"><span class='ocrx_word' id='word_1_203' title='bbox 49 2026 126 2099; x_wconf 78' lang='lat' dir='ltr'><strong>giris,</strong></span> <span class='ocrx_word' id='word_1_204' title='bbox 146 2025 224 2100; x_wconf 92' lang='lat' dir='ltr'><strong>quod</strong></span> <span class='ocrx_word' id='word_1_205' title='bbox 237 2042 286 2099; x_wconf 87' lang='lat' dir='ltr'><strong>per</strong></span> <span class='ocrx_word' id='word_1_206' title='bbox 299 2025 376 2083; x_wconf 91' lang='lat' dir='ltr'><strong>illum</strong></span> <span class='ocrx_word' id='word_1_207' title='bbox 393 2025 492 2082; x_wconf 90' lang='lat' dir='ltr'><strong>habere</strong></span> <span class='ocrx_word' id='word_1_208' title='bbox 507 2024 649 2082; x_wconf 86' lang='lat' dir='ltr'><strong>videbatur</strong></span> <span class='ocrx_word' id='word_1_209' title='bbox 669 2024 825 2098; x_wconf 84' lang='lat' dir='ltr'><strong>respublica.</strong></span> <span class='ocrx_word' id='word_1_210' title='bbox 834 2013 886 2119; x_wconf 55' lang='grc' dir='ltr'><strong>ζ”τ</strong></span> <span class='ocrx_word' id='word_1_211' title='bbox 897 2067 978 2119; x_wconf 56' lang='lat' dir='ltr'><em>m</em></span> 
     </span>
     <span class='ocr_line' id='line_1_27' title="bbox 49 2086 888 2181; baseline 0 -22"><span class='ocrx_word' id='word_1_212' title='bbox 49 2102 135 2160; x_wconf 77' lang='lat' dir='ltr'><strong>ehoe</strong></span> <span class='ocrx_word' id='word_1_213' title='bbox 156 2102 204 2159; x_wconf 92' lang='lat' dir='ltr'><strong>tibi</strong></span> <span class='ocrx_word' id='word_1_214' title='bbox 233 2103 262 2160; x_wconf 89' lang='lat' dir='ltr'><strong>in</strong></span> <span class='ocrx_word' id='word_1_215' title='bbox 284 2114 409 2159; x_wconf 85' lang='lat' dir='ltr'><strong>mentem</strong></span> <span class='ocrx_word' id='word_1_216' title='bbox 430 2102 531 2167; x_wconf 86' lang='lat' dir='ltr'><strong>venit,</strong></span> <span class='ocrx_word' id='word_1_217' title='bbox 556 2098 577 2156; x_wconf 85' lang='lat' dir='ltr'><strong>fi</strong></span> <span class='ocrx_word' id='word_1_218' title='bbox 605 2098 738 2158; x_wconf 63' lang='lat' dir='ltr'><strong>octavius</strong></span> <span class='ocrx_word' id='word_1_219' title='bbox 767 2101 826 2159; x_wconf 87' lang='lat' dir='ltr'><strong>ullis</strong></span> <span class='ocrx_word' id='word_1_220' title='bbox 835 2086 888 2181; x_wconf 50' lang='lat' dir='ltr'><strong>att?</strong></span> 
     </span>
     <span class='ocr_line' id='line_1_28' title="bbox 49 2169 886 2252; baseline 0.004 -19"><span class='ocrx_word' id='word_1_221' title='bbox 49 2174 101 2234; x_wconf 85' lang='lat' dir='ltr'><strong>tiit</strong></span> <span class='ocrx_word' id='word_1_222' title='bbox 113 2178 264 2235; x_wconf 87' lang='lat' dir='ltr'><strong>honoribus</strong></span> <span class='ocrx_word' id='word_1_223' title='bbox 280 2219 289 2246; x_wconf 94' lang='lat'><strong>,</strong></span> <span class='ocrx_word' id='word_1_224' title='bbox 309 2178 373 2252; x_wconf 89' lang='lat' dir='ltr'><strong>quia</strong></span> <span class='ocrx_word' id='word_1_225' title='bbox 385 2193 451 2234; x_wconf 89' lang='lat' dir='ltr'><strong>cum</strong></span> <span class='ocrx_word' id='word_1_226' title='bbox 464 2175 594 2234; x_wconf 86' lang='lat' dir='ltr'><strong>Antonio</strong></span> <span class='ocrx_word' id='word_1_227' title='bbox 608 2176 710 2233; x_wconf 90' lang='lat' dir='ltr'><strong>bellum</strong></span> <span class='ocrx_word' id='word_1_228' title='bbox 733 2190 826 2250; x_wconf 83' lang='lat' dir='ltr'><strong>gerat:</strong></span> <span class='ocrx_word' id='word_1_229' title='bbox 879 2169 886 2182; x_wconf 72' lang='lat'><em>⁰</em></span> 
     </span>
     <span class='ocr_line' id='line_1_29' title="bbox 49 2250 826 2327; baseline 0.003 -19"><span class='ocrx_word' id='word_1_230' title='bbox 49 2252 75 2309; x_wconf 90' lang='lat' dir='ltr'><strong>ui</strong></span> <span class='ocrx_word' id='word_1_231' title='bbox 101 2252 167 2311; x_wconf 88' lang='lat' dir='ltr'><strong>illud</strong></span> <span class='ocrx_word' id='word_1_232' title='bbox 189 2255 294 2311; x_wconf 87' lang='lat' dir='ltr'><strong>malurn</strong></span> <span class='ocrx_word' id='word_1_233' title='bbox 316 2252 491 2321; x_wconf 85' lang='lat' dir='ltr'><strong>exciderint,</strong></span> <span class='ocrx_word' id='word_1_234' title='bbox 526 2253 602 2327; x_wconf 79' lang='lat' dir='ltr'><strong>cujus</strong></span> <span class='ocrx_word' id='word_1_235' title='bbox 623 2250 680 2310; x_wconf 85' lang='lat' dir='ltr'><strong>istae</strong></span> <span class='ocrx_word' id='word_1_236' title='bbox 702 2251 826 2327; x_wconf 83' lang='lat' dir='ltr'><strong>reliquiae</strong></span> 
     </span>
     <span class='ocr_line' id='line_1_30' title="bbox 62 2326 826 2404; baseline 0.004 -20"><span class='ocrx_word' id='word_1_237' title='bbox 62 2326 153 2396; x_wconf 89' lang='lat' dir='ltr'><strong>nihil,</strong></span> <span class='ocrx_word' id='word_1_238' title='bbox 172 2346 229 2403; x_wconf 89' lang='lat' dir='ltr'><strong>quo</strong></span> <span class='ocrx_word' id='word_1_239' title='bbox 244 2329 346 2403; x_wconf 86' lang='lat' dir='ltr'><strong>expleri</strong></span> <span class='ocrx_word' id='word_1_240' title='bbox 360 2329 440 2404; x_wconf 87' lang='lat' dir='ltr'><strong>poffit</strong></span> <span class='ocrx_word' id='word_1_241' title='bbox 452 2346 552 2386; x_wconf 91' lang='lat' dir='ltr'><strong>eorum</strong></span> <span class='ocrx_word' id='word_1_242' title='bbox 569 2329 698 2386; x_wconf 88' lang='lat' dir='ltr'><strong>meritum</strong></span> <span class='ocrx_word' id='word_1_243' title='bbox 714 2369 723 2396; x_wconf 93' lang='lat'><strong>,</strong></span> <span class='ocrx_word' id='word_1_244' title='bbox 741 2330 826 2387; x_wconf 91' lang='lat' dir='ltr'><strong>tribu·</strong></span> 
     </span>
     <span class='ocr_line' id='line_1_31' title="bbox 49 2403 827 2479; baseline 0.003 -21"><span class='ocrx_word' id='word_1_245' title='bbox 49 2418 200 2479; x_wconf 66' lang='lat' dir='ltr'><strong>„umquam</strong></span> <span class='ocrx_word' id='word_1_246' title='bbox 220 2404 356 2479; x_wconf 87' lang='lat' dir='ltr'><strong>populum</strong></span> <span class='ocrx_word' id='word_1_247' title='bbox 378 2408 566 2471; x_wconf 89' lang='lat' dir='ltr'><strong>Romanurn,</strong></span> <span class='ocrx_word' id='word_1_248' title='bbox 586 2403 723 2462; x_wconf 81' lang='lat' dir='ltr'><strong>st&#39;omuia</strong></span> <span class='ocrx_word' id='word_1_249' title='bbox 747 2403 827 2461; x_wconf 82' lang='lat' dir='ltr'><strong>stmul</strong></span> 
     </span>
     <span class='ocr_line' id='line_1_32' title="bbox 51 2475 962 2557; baseline 0 -21"><span class='ocrx_word' id='word_1_250' title='bbox 51 2475 130 2537; x_wconf 86' lang='lat' dir='ltr'><strong>fferit.</strong></span> <span class='ocrx_word' id='word_1_251' title='bbox 167 2479 226 2537; x_wconf 74' lang='lat' dir='ltr'><strong>ctlt</strong></span> <span class='ocrx_word' id='word_1_252' title='bbox 240 2481 320 2549; x_wconf 86' lang='lat' dir='ltr'><strong>vide,</strong></span> <span class='ocrx_word' id='word_1_253' title='bbox 340 2496 444 2557; x_wconf 89' lang='lat' dir='ltr'><strong>quanto</strong></span> <span class='ocrx_word' id='word_1_254' title='bbox 458 2478 611 2554; x_wconf 83' lang='lat' dir='ltr'><strong>diligentibs</strong></span> <span class='ocrx_word' id='word_1_255' title='bbox 625 2479 753 2537; x_wconf 87' lang='lat' dir='ltr'><strong>homines</strong></span> <span class='ocrx_word' id='word_1_256' title='bbox 768 2497 850 2536; x_wconf 77' lang='lat' dir='ltr'><strong>mec</strong></span> <span class='ocrx_word' id='word_1_257' title='bbox 866 2487 901 2531; x_wconf 77' lang='lat' dir='ltr'><strong>hc</strong></span> <span class='ocrx_word' id='word_1_258' title='bbox 911 2484 962 2533; x_wconf 69' lang='lat' dir='ltr'><strong>alif.</strong></span> 
     </span>
     <span class='ocr_line' id='line_1_33' title="bbox 63 2552 949 2634; baseline 0.002 -23"><span class='ocrx_word' id='word_1_259' title='bbox 63 2553 149 2630; x_wconf 74' lang='lat' dir='ltr'><strong>quarn</strong></span> <span class='ocrx_word' id='word_1_260' title='bbox 172 2555 373 2626; x_wconf 89' lang='lat' dir='ltr'><strong>meminerint,</strong></span> <span class='ocrx_word' id='word_1_261' title='bbox 392 2558 456 2631; x_wconf 87' lang='lat' dir='ltr'><strong>quia</strong></span> <span class='ocrx_word' id='word_1_262' title='bbox 470 2556 609 2614; x_wconf 87' lang='lat' dir='ltr'><strong>Antonius</strong></span> <span class='ocrx_word' id='word_1_263' title='bbox 630 2557 705 2612; x_wconf 90' lang='lat' dir='ltr'><strong>vivat</strong></span> <span class='ocrx_word' id='word_1_264' title='bbox 723 2552 827 2631; x_wconf 79' lang='lat' dir='ltr'><strong>datque</strong></span> <span class='ocrx_word' id='word_1_265' title='bbox 869 2563 893 2606; x_wconf 72' lang='grc' dir='ltr'><strong>Ρ.</strong></span> <span class='ocrx_word' id='word_1_266' title='bbox 914 2562 949 2634; x_wconf 66' lang='lat'><strong>³3¹</strong></span> 
     </span>
     <span class='ocr_line' id='line_1_34' title="bbox 49 2620 956 2706; baseline 0 -17"><span class='ocrx_word' id='word_1_267' title='bbox 49 2630 85 2689; x_wconf 90' lang='lat' dir='ltr'><strong>uis</strong></span> <span class='ocrx_word' id='word_1_268' title='bbox 99 2629 139 2688; x_wconf 87' lang='lat' dir='ltr'><strong>fit.</strong></span> <span class='ocrx_word' id='word_1_269' title='bbox 176 2631 224 2689; x_wconf 91' lang='lat' dir='ltr'><strong>De</strong></span> <span class='ocrx_word' id='word_1_270' title='bbox 239 2628 346 2689; x_wconf 89' lang='lat' dir='ltr'><strong>Caesare</strong></span> <span class='ocrx_word' id='word_1_271' title='bbox 365 2630 433 2689; x_wconf 82' lang='lat' dir='ltr'><strong>verb</strong></span> <span class='ocrx_word' id='word_1_272' title='bbox 455 2672 464 2699; x_wconf 87' lang='lat'><strong>,</strong></span> <span class='ocrx_word' id='word_1_273' title='bbox 501 2631 579 2706; x_wconf 91' lang='lat' dir='ltr'><strong>quod</strong></span> <span class='ocrx_word' id='word_1_274' title='bbox 598 2628 657 2687; x_wconf 89' lang='lat' dir='ltr'><strong>fieri</strong></span> <span class='ocrx_word' id='word_1_275' title='bbox 678 2631 769 2704; x_wconf 90' lang='lat' dir='ltr'><strong>potuit</strong></span> <span class='ocrx_word' id='word_1_276' title='bbox 794 2620 854 2689; x_wconf 83' lang='lat' dir='ltr'><strong>acd</strong></span> <span class='ocrx_word' id='word_1_277' title='bbox 869 2623 956 2670; x_wconf 73' lang='lat'><strong>&amp;²¹¹¹-</strong></span> 
     </span>
     <span class='ocr_line' id='line_1_35' title="bbox 49 2706 830 2783; baseline 0 -19"><span class='ocrx_word' id='word_1_278' title='bbox 49 2725 70 2776; x_wconf 90' lang='lat'><strong>:,</strong></span> <span class='ocrx_word' id='word_1_279' title='bbox 90 2707 255 2765; x_wconf 73' lang='lat' dir='ltr'><strong>transad&#39;rum</strong></span> <span class='ocrx_word' id='word_1_280' title='bbox 271 2706 323 2764; x_wconf 88' lang='lat' dir='ltr'><strong>est:</strong></span> <span class='ocrx_word' id='word_1_281' title='bbox 343 2706 472 2783; x_wconf 87' lang='lat' dir='ltr'><strong>⁶5neque</strong></span> <span class='ocrx_word' id='word_1_282' title='bbox 490 2707 548 2780; x_wconf 88' lang='lat' dir='ltr'><strong>jam</strong></span> <span class='ocrx_word' id='word_1_283' title='bbox 566 2707 688 2763; x_wconf 85' lang='lat' dir='ltr'><strong>revocari</strong></span> <span class='ocrx_word' id='word_1_284' title='bbox 709 2709 737 2763; x_wconf 91' lang='lat' dir='ltr'><strong>in</strong></span> <span class='ocrx_word' id='word_1_285' title='bbox 758 2708 830 2765; x_wconf 88' lang='lat' dir='ltr'><strong>inte·</strong></span> 
     </span>
     <span class='ocr_line' id='line_1_36' title="bbox 54 2779 831 2860; baseline -0.003 -18"><span class='ocrx_word' id='word_1_286' title='bbox 54 2782 151 2858; x_wconf 89' lang='lat' dir='ltr'><strong>potest.</strong></span> <span class='ocrx_word' id='word_1_287' title='bbox 191 2783 325 2843; x_wconf 75' lang='lat' dir='ltr'><strong>oetavius</strong></span> <span class='ocrx_word' id='word_1_288' title='bbox 340 2783 429 2852; x_wconf 83' lang='lat' dir='ltr'><strong>isest,</strong></span> <span class='ocrx_word' id='word_1_289' title='bbox 450 2783 515 2859; x_wconf 89' lang='lat' dir='ltr'><strong>qui,</strong></span> <span class='ocrx_word' id='word_1_290' title='bbox 535 2782 602 2860; x_wconf 88' lang='lat' dir='ltr'><strong>quid</strong></span> <span class='ocrx_word' id='word_1_291' title='bbox 616 2779 652 2840; x_wconf 90' lang='lat' dir='ltr'><strong>de</strong></span> <span class='ocrx_word' id='word_1_292' title='bbox 666 2783 746 2839; x_wconf 81' lang='lat' dir='ltr'><strong>nobit</strong></span> <span class='ocrx_word' id='word_1_293' title='bbox 755 2782 831 2857; x_wconf 89' lang='lat' dir='ltr'><strong>judi·</strong></span> 
     </span>
    </p>

    <p class='ocr_par' dir='ltr' id='par_1_3' title="bbox 585 2872 830 2916">
     <span class='ocr_line' id='line_1_37' title="bbox 585 2872 830 2916; baseline 0.004 -1"><span class='ocrx_word' id='word_1_294' title='bbox 585 2872 587 2878; x_wconf 79' lang='grc'><em>’</em></span> <span class='ocrx_word' id='word_1_295' title='bbox 783 2875 830 2916; x_wconf 87' lang='lat' dir='ltr'><strong>ca·</strong></span> 
     </span>
    </p>
   </div>
   <div class='ocr_carea' id='block_1_3' title="bbox 49 3039 832 3530">
    <p class='ocr_par' dir='ltr' id='par_1_4' title="bbox 49 3039 830 3526">
     <span class='ocr_line' id='line_1_38' title="bbox 49 3039 830 3106; baseline 0.001 -17"><span class='ocrx_word' id='word_1_296' title='bbox 49 3041 120 3106; x_wconf 87' lang='lat' dir='ltr'><strong>plane</strong></span> <span class='ocrx_word' id='word_1_297' title='bbox 129 3040 230 3089; x_wconf 84' lang='lat' dir='ltr'><strong>eundern</strong></span> <span class='ocrx_word' id='word_1_298' title='bbox 241 3040 357 3091; x_wconf 77' lang='lat' dir='ltr'><strong>miseriam</strong></span> <span class='ocrx_word' id='word_1_299' title='bbox 369 3041 476 3089; x_wconf 78' lang='lat' dir='ltr'><strong>continet</strong></span> <span class='ocrx_word' id='word_1_300' title='bbox 487 3055 514 3088; x_wconf 87' lang='lat' dir='ltr'><strong>ac</strong></span> <span class='ocrx_word' id='word_1_301' title='bbox 523 3039 599 3089; x_wconf 83' lang='lat' dir='ltr'><strong>secum</strong></span> <span class='ocrx_word' id='word_1_302' title='bbox 611 3041 696 3095; x_wconf 83' lang='lat' dir='ltr'><strong>trahit,</strong></span> <span class='ocrx_word' id='word_1_303' title='bbox 714 3054 765 3104; x_wconf 84' lang='lat' dir='ltr'><strong>qua</strong></span> <span class='ocrx_word' id='word_1_304' title='bbox 775 3055 830 3090; x_wconf 73' lang='lat' dir='ltr'><strong>mo«</strong></span> 
     </span>
     <span class='ocr_line' id='line_1_39' title="bbox 58 3103 828 3167; baseline -0.003 -16"><span class='ocrx_word' id='word_1_305' title='bbox 58 3118 114 3152; x_wconf 80' lang='lat' dir='ltr'><strong>ente</strong></span> <span class='ocrx_word' id='word_1_306' title='bbox 123 3103 177 3152; x_wconf 87' lang='lat' dir='ltr'><strong>ldus</strong></span> <span class='ocrx_word' id='word_1_307' title='bbox 189 3105 289 3152; x_wconf 81' lang='lat' dir='ltr'><strong>Martiae</strong></span> <span class='ocrx_word' id='word_1_308' title='bbox 300 3103 454 3167; x_wconf 73' lang='lat' dir='ltr'><strong>premebant?</strong></span> <span class='ocrx_word' id='word_1_309' title='bbox 469 3103 531 3166; x_wconf 79' lang='lat' dir='ltr'><strong>Quid</strong></span> <span class='ocrx_word' id='word_1_310' title='bbox 544 3104 617 3152; x_wconf 74' lang='lat' dir='ltr'><strong>illude</strong></span> <span class='ocrx_word' id='word_1_311' title='bbox 633 3119 730 3166; x_wconf 85' lang='lat' dir='ltr'><strong>nempe,</strong></span> <span class='ocrx_word' id='word_1_312' title='bbox 740 3106 779 3150; x_wconf 59' lang='lat' dir='ltr'><strong>Ab</strong></span> <span class='ocrx_word' id='word_1_313' title='bbox 788 3124 828 3162; x_wconf 73' lang='lat' dir='ltr'><strong>eo,</strong></span> 
     </span>
     <span class='ocr_line' id='line_1_40' title="bbox 49 3167 829 3231; baseline 0.005 -19"><span class='ocrx_word' id='word_1_314' title='bbox 49 3171 97 3214; x_wconf 72' lang='lat' dir='ltr'><strong>emti</strong></span> <span class='ocrx_word' id='word_1_315' title='bbox 106 3182 179 3213; x_wconf 78' lang='lat' dir='ltr'><strong>nomm</strong></span> <span class='ocrx_word' id='word_1_316' title='bbox 189 3168 284 3227; x_wconf 76' lang='lat' dir='ltr'><strong>adscivit</strong></span> <span class='ocrx_word' id='word_1_317' title='bbox 290 3168 333 3224; x_wconf 75' lang='lat' dir='ltr'><strong>fibi</strong></span> <span class='ocrx_word' id='word_1_318' title='bbox 390 3170 489 3227; x_wconf 76' lang='lat' dir='ltr'><strong>petitur,</strong></span> <span class='ocrx_word' id='word_1_319' title='bbox 504 3181 529 3214; x_wconf 75' lang='lat' dir='ltr'><strong>ut</strong></span> <span class='ocrx_word' id='word_1_320' title='bbox 540 3170 584 3220; x_wconf 62' lang='lat' dir='ltr'><strong>dre.</strong></span> <span class='ocrx_word' id='word_1_321' title='bbox 603 3168 691 3231; x_wconf 70' lang='lat' dir='ltr'><strong>Aperio</strong></span> <span class='ocrx_word' id='word_1_322' title='bbox 703 3167 829 3217; x_wconf 68' lang='lat' dir='ltr'><strong>austerita-</strong></span> 
     </span>
     <span class='ocr_line' id='line_1_41' title="bbox 49 3227 678 3293; baseline -0.002 -14"><span class='ocrx_word' id='word_1_323' title='bbox 49 3244 114 3279; x_wconf 83' lang='lat' dir='ltr'><strong>eam:</strong></span> <span class='ocrx_word' id='word_1_324' title='bbox 129 3227 170 3277; x_wconf 81' lang='lat' dir='ltr'><strong>sed</strong></span> <span class='ocrx_word' id='word_1_325' title='bbox 180 3242 205 3278; x_wconf 91' lang='lat' dir='ltr'><strong>ut</strong></span> <span class='ocrx_word' id='word_1_326' title='bbox 215 3242 279 3278; x_wconf 80' lang='lat' dir='ltr'><strong>nune</strong></span> <span class='ocrx_word' id='word_1_327' title='bbox 288 3229 321 3278; x_wconf 82' lang='lat' dir='ltr'><strong>est</strong></span> <span class='ocrx_word' id='word_1_328' title='bbox 338 3229 422 3291; x_wconf 86' lang='lat' dir='ltr'><strong>reliqui</strong></span> <span class='ocrx_word' id='word_1_329' title='bbox 433 3230 565 3293; x_wconf 79' lang='lat' dir='ltr'><strong>vulgatum,</strong></span> <span class='ocrx_word' id='word_1_330' title='bbox 581 3232 678 3278; x_wconf 73' lang='lat' dir='ltr'><strong>Gronov.</strong></span> 
     </span>
     <span class='ocr_line' id='line_1_42' title="bbox 49 3290 829 3356; baseline -0.005 -15"><span class='ocrx_word' id='word_1_331' title='bbox 49 3298 119 3356; x_wconf 67' lang='lat' dir='ltr'><strong>Neque</strong></span> <span class='ocrx_word' id='word_1_332' title='bbox 129 3295 180 3351; x_wconf 71' lang='lat' dir='ltr'><strong>jam</strong></span> <span class='ocrx_word' id='word_1_333' title='bbox 195 3297 294 3340; x_wconf 75' lang='lat' dir='ltr'><strong>reuocari</strong></span> <span class='ocrx_word' id='word_1_334' title='bbox 307 3296 331 3339; x_wconf 75' lang='lat' dir='ltr'><strong>in</strong></span> <span class='ocrx_word' id='word_1_335' title='bbox 347 3297 452 3354; x_wconf 68' lang='lat' dir='ltr'><strong>integrum</strong></span> <span class='ocrx_word' id='word_1_336' title='bbox 461 3292 545 3352; x_wconf 53' lang='lat' dir='ltr'><strong>potem]</strong></span> <span class='ocrx_word' id='word_1_337' title='bbox 564 3296 600 3340; x_wconf 85' lang='lat' dir='ltr'><strong>lta</strong></span> <span class='ocrx_word' id='word_1_338' title='bbox 611 3290 708 3356; x_wconf 82' lang='lat' dir='ltr'><strong>quidem</strong></span> <span class='ocrx_word' id='word_1_339' title='bbox 718 3290 771 3339; x_wconf 89' lang='lat' dir='ltr'><strong>edd.</strong></span> <span class='ocrx_word' id='word_1_340' title='bbox 783 3306 829 3354; x_wconf 84' lang='lat' dir='ltr'><strong>po·</strong></span> 
     </span>
     <span class='ocr_line' id='line_1_43' title="bbox 49 3354 829 3421; baseline -0.003 -18"><span class='ocrx_word' id='word_1_341' title='bbox 49 3370 73 3404; x_wconf 82' lang='lat' dir='ltr'><strong>tt.</strong></span> <span class='ocrx_word' id='word_1_342' title='bbox 89 3368 171 3402; x_wconf 83' lang='lat' dir='ltr'><strong>verum</strong></span> <span class='ocrx_word' id='word_1_343' title='bbox 183 3357 284 3417; x_wconf 80' lang='lat' dir='ltr'><strong>priores,</strong></span> <span class='ocrx_word' id='word_1_344' title='bbox 298 3359 426 3417; x_wconf 70' lang='lat' dir='ltr'><strong>prouocati,</strong></span> <span class='ocrx_word' id='word_1_345' title='bbox 441 3354 507 3417; x_wconf 88' lang='lat' dir='ltr'><strong>quod</strong></span> <span class='ocrx_word' id='word_1_346' title='bbox 517 3358 541 3403; x_wconf 78' lang='grc' dir='ltr'><strong>δι</strong></span> <span class='ocrx_word' id='word_1_347' title='bbox 552 3355 577 3402; x_wconf 87' lang='lat' dir='ltr'><strong>in</strong></span> <span class='ocrx_word' id='word_1_348' title='bbox 588 3370 691 3421; x_wconf 85' lang='lat' dir='ltr'><strong>quatuor</strong></span> <span class='ocrx_word' id='word_1_349' title='bbox 702 3354 758 3404; x_wconf 75' lang='lat' dir='ltr'><strong>tati.</strong></span> <span class='ocrx_word' id='word_1_350' title='bbox 770 3368 829 3402; x_wconf 86' lang='lat' dir='ltr'><strong>neu·</strong></span> 
     </span>
     <span class='ocr_line' id='line_1_44' title="bbox 49 3417 761 3526; baseline -0.004 -57"><span class='ocrx_word' id='word_1_351' title='bbox 49 3418 166 3469; x_wconf 65' lang='lat' dir='ltr'><strong>efliouent</strong></span> <span class='ocrx_word' id='word_1_352' title='bbox 176 3417 297 3469; x_wconf 82' lang='lat' dir='ltr'><strong>habuerim</strong></span> <span class='ocrx_word' id='word_1_353' title='bbox 305 3432 352 3484; x_wconf 85' lang='lat' dir='ltr'><strong>pto</strong></span> <span class='ocrx_word' id='word_1_354' title='bbox 362 3417 473 3484; x_wconf 71' lang='lat' dir='ltr'><strong>genuina</strong></span> <span class='ocrx_word' id='word_1_355' title='bbox 505 3421 572 3468; x_wconf 75' lang='lat' dir='ltr'><strong>Grae.</strong></span> <span class='ocrx_word' id='word_1_356' title='bbox 748 3483 761 3526; x_wconf 79' lang='lat'><em>6</em></span> 
     </span>
    </p>

    <p class='ocr_par' dir='ltr' id='par_1_5' title="bbox 732 3485 832 3530">
     <span class='ocr_line' id='line_1_45' title="bbox 732 3485 832 3530; baseline 0.01 -4"><span class='ocrx_word' id='word_1_357' title='bbox 732 3488 746 3526; x_wconf 82' lang='lat'><strong>⁶</strong></span> <span class='ocrx_word' id='word_1_358' title='bbox 762 3513 770 3530; x_wconf 90' lang='lat'><strong>.</strong></span> <span class='ocrx_word' id='word_1_359' title='bbox 783 3485 832 3528; x_wconf 70' lang='lat' dir='ltr'><strong>Nu</strong></span> 
     </span>
    </p>
   </div>
   <div class='ocr_carea' id='block_1_4' title="bbox 0 0 1152 3900">
    <p class='ocr_par' dir='ltr' id='par_1_6' title="bbox 0 0 1152 3900">
     <span class='ocr_line' id='line_1_46' title="bbox 0 0 1152 3900; baseline 0 0"><span class='ocrx_word' id='word_1_360' title='bbox 0 0 1152 3900; x_wconf 95' lang='lat' dir='ltr'><strong> </strong></span> 
     </span>
    </p>
   </div>
  </div>
 </body>
</html>
