2296 3900
233 126 318 197 ¹934
404 110 542 180 Lrnrra
582 113 1012 196 Quintusuncrnrus'

227 222 312 287 ildle
326 222 390 285 addi
405 228 504 302 potest.
540 224 666 285 lltllneo
679 242 767 303 genus
779 224 949 303 legationis,
969 237 1029 297 ut,
1046 224 1109 292 cilrn

228 303 316 372 velis,
335 303 467 375 introire,
487 304 581 376 exire,
599 304 697 363 liceat:
717 302 797 391 quod
808 320 886 391 nunc
899 303 972 391 milri
985 303 1109 369 additum
1136 301 1140 392 Ι

229 380 278 439 e'st.
316 378 387 439 bella
414 381 452 439 eli
478 393 576 442 antem·
595 380 677 468 liujus
694 382 762 456 juns
783 382 971 458 quinquennii
991 382 1108 445 licentia.
1136 395 1139 406 ·

228 474 403 533 quamquam
424 459 548 533 quidde
569 459 765 535 quinquennio
795 455 950 533 cogitem?
984 462 1107 521 contrahi

228 536 301 593 milri
314 537 461 611 negotium
474 536 593 596 videtur.
612 533 694 594 8rsed
704 534 865 608 βλάσφημα
877 535 1038 596 mittamur.

503 692 771 739 Erlsrotn
801 690 866 741 xil.

432 840 615 900 CICERO
641 838 841 899 ATTICO
868 836 899 898 S.

225 993 355 1103 BEnn
375 993 536 1053 mehercule
551 994 586 1052 de
600 994 747 1053 Buthroto.
783 1002 842 1051 ate
861 1010 883 1052 o
905 992 1054 1055 Tironem
1072 996 1100 1057 ad
1138 999 1140 1012 '

285 1070 460 1128 Dolabellam
476 1073 658 1130 cnm-litteris
682 1114 690 1139 ,
724 1070 789 1146 quia
806 1009 954 1144 juderas,
976 1073 1099 1132 miserato.

225 1148 294 1225 quid
317 1144 434 1205 nocet?
454 1148 500 1205 De
514 1148 609 1207 nostris
624 1161 718 1205 atttrm
732 1147 892 1206 Antiatibus
914 1149 980 1209 satis
1002 1150 1098 1209 videbar

226 1223 308 1300 plane
322 1220 466 1300 scripsisse,
486 1238 518 1283 ut
533 1244 592 1283 non
606 1225 758 1293 dubitares,
779 1218 865 1283 essent
902 1227 955 1285 uin
971 1226 1052 1286 otiofi
1064 1227 1098 1284 fu-

225 1302 298 1371 turi,
318 1301 445 1376 ulmique
468 1300 603 1361 beneficio
618 1302 739 1360 Antonii
754 1242 981 1364 contumddioso.
1008 1302 1097 1363 Callitu

225 1378 434 1436 frumentariam
451 1395 509 1435 rem
531 1378 729 1452 aspernabatur.
767 1395 831 1436 eam
852 1377 975 1439 Servilia
995 1378 1096 1441 sublatu-

224 1471 285 1513 ram
300 1466 357 1511 ⁰cx
370 1454 475 1512 senatus
488 1454 615 1513 consulto
627 1456 654 1512 se
669 1452 723 1512 else
735 1454 850 1513 dicebat.
870 1451 901 1507 ⁸5
909 1457 1009 1516 noster
1021 1456 1094 1525 verb,

224 1534 275 1589 zat
289 1538 372 1601 μάλα
384 1533 492 1602 σεμνὸς,
513 1532 542 1589 iu
556 1531 670 1601 Aliam,
690 1531 782 1607 postea
802 1530 892 1607 quim
916 1534 994 1593 mihi
1014 1530 1095 1671 eststs·

1054 1626 1094 1669 en·

223 1761 352 1827 genuinam
362 1758 408 1810 effe
418 1761 485 1823 bujns
497 1761 544 1810 loti
555 1760 703 1827 scripturam,
718 1773 759 1811 aut
770 1773 843 1825 quarn
853 1760 881 1811 in
891 1759 937 1812 suo
947 1763 1013 1815 libro
1022 1762 1094 1827 rtptr't

221 1823 326 1874 Ursinus.
344 1829 453 1874 (iuvius.
487 1830 559 1874 Certe
569 1842 644 1888 quum
656 1830 681 1875 ἃ
693 1827 787 1877 Balliol.
799 1829 852 1875 MS.
869 1840 924 1874 non
942 1826 1029 1877 babeat
1042 1824 1093 1875 aliud

222 1886 267 1938 nist
277 1888 344 1952 quod
355 1890 451 1952 protulit
469 1889 567 1953 Junius,
583 1906 633 1939 non
646 1890 751 1939 dubitari
761 1890 787 1937 in
797 1902 828 1937 eo
839 1902 925 1938 veram
937 1890 1095 1947 latereloffio·

223 1966 300 2009 nem,
316 1967 390 2016 quam
412 1952 476 2002 brevi
491 1968 563 2016 opera
579 1955 679 2002 excitari
695 1951 812 2017 legendo,
825 1952 948 2012 perfacile
964 1956 1023 2003 addi
1033 1952 1094 2019 paral.

224 2022 295 2065 ,Auro
301 2033 367 2079 gtnur
378 2020 503 2074 iurationis,
519 2030 543 2063 ur
553 2018 599 2069 dre.
616 2017 682 2081 qnod
698 2017 758 2065 mibi
772 2027 824 2063 ram
835 2015 1004 2067 commodum
1017 2020 1042 2068 δι
1055 2032 1095 2067 tter·

223 2093 275 2127 turn
286 2078 361 2129 visum
371 2080 432 2136 snit,
446 2094 472 2129 ut
482 2081 507 2127 in
516 2093 657 2129 contextum
668 2078 808 2129 admiserim.
827 2077 903 2140 Qtod
913 2078 934 2128 si
945 2082 1095 2131 melioretco·

221 2142 286 2192 dices
298 2144 324 2191 ri
335 2146 400 2206 idque
411 2145 526 2199 retinent,
543 2146 640 2193 certe&
652 2142 683 2191 lic
693 2144 784 2206 optime
795 2143 887 2203 legetur
899 2175 907 2200 ,
924 2144 1043 2204 necfurild
1051 2146 1094 2191 aiil

217 2206 299 2270 potede
315 2208 381 2269 idque
389 2223 441 2252 aveo
448 2223 512 2267 gram
523 2209 646 2268 legationis,
663 2220 687 2253 nt
698 2210 743 2259 &a
767 2209 877 2253 Gronov.

254 2278 292 2318 8³.
311 2271 377 2331 quue
390 2271 440 2314 adeo
452 2275 538 2331 genua]
567 2271 612 2316 ,Ad
631 2272 657 2317 id
672 2286 739 2333 genus
763 2266 834 2318 babet
850 2267 1095 2333 antiquandum&

219 2332 289 2381 teste.
321 2333 395 2389 Urfin.

250 2402 287 2452 84.
303 2395 347 2441 sed
357 2395 512 2449 alienantur
526 2396 659 2454 mittamur]
690 2401 786 2445 Veteres
801 2392 897 2443 codices
909 2394 1010 2447 diverso
1020 2412 1094 2463 genet!

220 2456 309 2506 eodem
326 2454 457 2520 fignilicatu
475 2456 609 2512 datianam
624 2457 720 2508 habent.
753 2458 785 2507 lic
799 2471 879 2507 autem
891 2462 1006 2524 appellat
1018 2496 1027 2519 ,
1040 2460 1095 2525 quoi

219 2524 317 2570 contrabi
348 2524 404 2567 mr'lrr‘
434 2523 539 2566 netarium
571 2523 659 2569 videtur
691 2522 788 2571 dixerat.
836 2523 998 2585 reprehendit
1027 2540 1097 2576 turm

221 2583 334 2649 seipsum,
347 2586 402 2646 quia
417 2582 601 2646 quodammodo
611 2586 704 2633 malum
715 2583 756 2633 tibi
770 2584 852 2647 reique
867 2585 961 2657 public.
976 2590 1095 2639 ominetur.

221 2652 286 2696 Cum
296 2650 361 2696 eninr
373 2648 438 2709 supri
450 2644 601 2709 proposutss'et
612 2647 654 2696 libi
664 2647 883 2710 jurisquinquennri
895 2649 1045 2714 licentiam„
1059 2652 1096 2701 slt-

222 2712 268 2758 rim
279 2710 376 2771 seipsum
389 2724 535 2765 correxerat,
551 2710 617 2774 qrrbd
631 2724 725 2760 tantum
741 2711 856 2775 temporis
873 2707 984 2776 spatium
998 2717 1097 2765 leenritr·

220 2788 271 2821 tem
281 2773 323 2821 libi
334 2771 486 2834 promifiss'et,
502 2789 556 2821 cnm
567 2790 603 2823 res
615 2776 640 2822 in
651 2774 774 2840 angustum
786 2772 870 2823 adduci
888 2777 1035 2837 videretur,
1049 2780 1096 2829 titi·

222 2850 328 2899 numque
338 2840 386 2896 iam
398 2838 524 2899 periculum
538 2841 562 2886 δι
574 2838 731 2888 infortunium
741 2836 805 2888 effer.
840 2840 922 2889 Vr'rior.
1138 2845 1140 2852 '

253 2909 290 2956 85·
308 2900 382 2951 tt'rlitr
398 2898 447 2947 veri
465 2906 542 2946 uratur
559 2905 582 2946 r'n
602 2904 704 2962 Astarte]
737 2902 865 2965 Antiquior
878 2903 967 2953 noller
976 2905 1056 2956 codex
1066 2904 1096 2955 rai

223 2962 292 3020 pina
304 2982 382 3011 crura:
392 2978 435 3025 pro
452 2970 528 3009 urana
546 2963 635 3013 babet:
654 2967 688 3014 ita
705 2965 767 3015 terte
780 2967 806 3013 δι
823 2963 911 3013 ordine
927 2965 1063 3033 scripturn,
1075 2982 1095 3018 ιι

223 3027 300 3088 prima
315 3039 409 3073 tantum
425 3027 473 3083 eins
491 3028 580 3074 vocalis
595 3030 619 3075 in
636 3029 753 3091 postrema
769 3041 828 3075 voce
844 3031 932 3077 Graeca
948 3030 1094 3084 defideretot.

222 3093 264 3135 Per
282 3104 416 3150 pronomen
436 3105 514 3138 autem
530 3091 596 3147 narica
611 3096 693 3139 Brutus
704 3092 857 3155 intelligitur:
872 3090 907 3139 fic
918 3096 993 3144 enim
1003 3096 1095 3147 eundern

221 3145 276 3197 alibi
289 3154 412 3213 appellnt:
429 3167 453 3201 ut
470 3169 519 3200 non
535 3153 614 3202 multo
630 3170 718 3204 antea:
740 3161 770 3203 Et
786 3153 853 3213 noster
869 3155 911 3201 er‘td
929 3158 1030 3207 deier‘lrrs
1041 3162 1067 3220 est
1077 3160 1096 3206 dr

221 3214 260 3258 alla
273 3217 335 3259 ianm
349 3219 444 3266 (irritae.
464 3218 518 3263 licet
529 3231 559 3263 co
570 3232 666 3279 quoque
676 3220 731 3266 loco
743 3218 773 3266 ab
785 3218 902 3278 imperitis
917 3219 1027 3272 librariis
1042 3224 1095 3273 Bruti

222 3289 314 3323 nomen
330 3278 436 3325 additum
456 3279 537 3326 forcti
569 3296 620 3340 qun
636 3283 764 3331 declaratio
780 3280 859 3344 potius
878 3282 930 3333 eius
949 3286 1095 3347 pronomini

221 3349 291 3393 erat,
309 3342 332 3387 ἃ
347 3343 369 3386 in
383 3341 463 3389 seriem
474 3343 598 3391 verborum
609 3345 731 3393 ciceronis
748 3344 905 3392 incommode
920 3350 1044 3399 translata
1054 3349 1095 3398 sur·

221 3414 265 3450 rat.
301 3405 383 3465 Carpit
394 3417 472 3451 nutem
483 3406 519 3452 bis
534 3407 621 3453 Graccis
633 3408 707 3455 verbis
722 3442 729 3464 ,
751 3420 776 3454 ut
792 3408 899 3469 opinor,
922 3414 1047 3469 Brutum,
1061 3414 1093 3475 qd

225 3465 328 3529 aequiore
340 3467 421 3514 animo
431 3469 474 3516 iter
485 3468 544 3518 illud
557 3468 697 3534 tirt‘ciperet,
716 3486 760 3522 nec
774 3471 892 3536 cogitaret
908 3472 992 3535 quarn
1007 3462 1093 3589 fibihin·
1136 3493 1140 3554 1

1070 3553 1092 3587 οι
