2296 3900
208 141 290 225 1604
409 118 938 209 LitarttDncrrtn's¹

210 249 280 311 nihil
293 244 331 307 est
344 244 393 307 illo
406 244 525 304 homine
535 242 694 320 jucundius.
731 246 761 301 ⁶5
770 247 883 307 attende
896 239 998 325 πράξω
1012 256 1097 317 noar:

59 329 302 396 aemulatori.
339 322 369 399 ξύ
377 336 480 384 evocat
492 322 587 397 litteris
601 321 618 387 ὲ
634 324 793 405 municipiis
806 325 894 388 denos
910 348 918 385 ι
939 331 971 388 &
990 336 1092 424 ωινῐἶ

1070 428 1093 471 n

735 528 746 555 ι’

210 588 294 639 leones
304 602 371 639 curru
380 587 522 646 Antonius,
537 582 566 639 ut?
573 586 709 639 Plutarchus
726 588 753 639 δι
771 587 858 638 Plinius
874 586 977 645 docent,
994 584 1050 646 sed,
1065 598 1090 638 ut

209 652 284 703 iidem
293 652 388 702 tradunt
401 687 408 710 ,
457 650 551 719 stquam
561 654 587 702 in
597 651 732 701 Pharsalicis
741 654 831 717 campis
843 650 984 701 dimicatum
999 651 1048 709 cst,
1065 666 1089 701 at

208 724 269 777 vero
279 716 339 765 hanc
350 716 423 779 epilio
435 732 474 765 am
485 715 594 766 nondum
603 715 716 765 confesto
736 714 882 778 Hispaniensi
900 715 965 763 bello
976 713 1089 780 scriptam

211 776 275 837 effe,
289 778 358 829 idest
369 780 451 828 multis
469 778 586 831 menfibus
602 792 658 828 ante
674 777 830 828 Pharsalicum
846 779 977 842 proeiium,
994 791 1088 827 tumet

210 839 278 908 ipsa,
295 857 347 892 tum
358 857 388 890 ex
399 843 451 891 aliis
467 842 572 909 epistolis
587 841 654 909 snpra
670 841 780 906 infraque
794 843 883 906 scriptis
900 841 1033 890 dilucidum
1049 840 1089 893 est.

182 940 185 949 .
214 909 309 957 Leones
322 907 393 970 igitur
404 906 523 969 explano,
539 905 622 970 quibus
633 906 753 955 antonius
770 905 942 954 deledlaretut:
959 903 1029 966 quod
1040 905 1089 954 aui·

213 971 249 1017 mi
259 972 378 1018 feritatem
395 968 516 1021 indicaret.
537 976 563 1022 P.
577 973 664 1019 Manto.
698 970 817 1018 Antonius
832 964 940 1034 impenlc
955 966 1090 1017 detettaba·

212 1043 251 1079 tur
261 1032 381 1088 leonibus,
399 1032 459 1081 adeo
470 1047 494 1083 ut
512 1032 564 1099 post
581 1031 736 1081 Pharsalicam
754 1030 852 1079 Castris
877 1031 1006 1079 vistoriam
1034 1031 1088 1095 jugo

213 1095 303 1157 primus
313 1094 433 1153 lubderet,
450 1096 479 1145 ad
493 1111 632 1159 currumque
649 1097 674 1144 δι
690 1094 789 1144 rhedam
804 1097 927 1158 jungeret,
942 1104 969 1140 ut
986 1093 1088 1143 referunt

213 1156 302 1206 Plinius
313 1158 423 1209 lib.vttr.
441 1174 491 1223 cap.
501 1170 536 1209 1⁶.
555 1157 689 1209 Plutarchus
699 1160 725 1207 in
736 1159 792 1207 vita.
827 1161 881 1206 Hoc
897 1169 980 1204 autem
999 1158 1089 1206 Attinas

214 1222 311 1284 putabat
328 1220 376 1271 eisc
391 1237 556 1286 argumentum
572 1221 616 1271 feri
636 1225 659 1270 dt
676 1220 777 1270 crudelis
793 1220 885 1276 animi,
909 1221 934 1268 δι
948 1217 1006 1269 ideo
1022 1220 1088 1269 illum

213 1282 399 1348 pertimescebat.
432 1291 510 1347 Quem
521 1287 634 1335 timorem
646 1284 732 1333 Cicero
746 1283 810 1345 jubet
824 1298 879 1331 eum
892 1296 1004 1355 ponere,
1020 1279 1089 1348 lignis

125 1383 129 1391 .
215 1346 358 1409 quibusdam
369 1348 604 1407 docens‚Antonium
614 1348 673 1396 nihil
689 1359 770 1411 prater
781 1346 940 1412 voluptariam
952 1344 1090 1405 iucundam·

215 1423 264 1472 que
275 1412 348 1459 vitam
360 1413 467 1523 spirare:
484 1414 589 1461 dormire
603 1411 634 1459 ad
649 1410 735 1459 horam
750 1410 868 1459 tertiam:
883 1406 949 1471 quod
966 1408 1089 1473 indignum

215 1474 269 1521 vito
279 1475 377 1537 rempub
387 1477 450 1523 icam
460 1473 640 1525 administranti.
673 1487 731 1521 nam
741 1472 801 1521 hora
810 1473 879 1520 tertia
891 1470 920 1519 ab
930 1486 1020 1521 exortu
1025 1473 1089 1529 Solis⁸

205 1550 268 1599 ,quc
280 1536 348 1585 nobis
359 1552 443 1594 nona,
459 1535 638 1601 impendebatur
651 1534 780 1585 cauffarnm
794 1532 925 1585 allionibus
944 1536 972 1584 δι
993 1534 1089 1585 alise·

216 1598 303 1649 vilibus
319 1602 430 1664 negotiis.
446 1600 565 1650 Martialis
576 1598 616 1648 lib.
625 1615 660 1648 tv.

354 1668 431 1712 Prima
436 1664 556 1723 salutantes
566 1676 631 1726 atque
641 1664 710 1709 altera
720 1664 810 1710 continet
820 1665 889 1720 hora,

387 1732 476 1774 Exercet
488 1724 767 1783 raucostcrriacaufidt'cet.
784 1730 882 1790 l'opma.

216 1786 312 1837 Balliol.
324 1788 350 1837 &
361 1787 462 1839 Helmst.
476 1792 511 1837 Tu
521 1791 621 1838 ,Antonii
635 1790 701 1835 leones
718 1790 852 1850 pertimescas
867 1806 893 1836 nc
907 1789 973 1839 nihil.
1006 1792 1088 1841 Forte:

129 1854 131 1859 ⁴
216 1853 253 1900 Tu
264 1853 364 1899 ,Antonii
377 1854 443 1900 hones
455 1870 480 1899 ne
492 1855 632 1915 pertimescas.
664 1854 740 1907 Nihil,
757 1854 801 1903 (rc.
818 1856 857 1900 An
868 1852 973 1900 melius:
989 1858 1027 1901 Tu
1044 1862 1089 1903 Aa·

216 1917 275 1961 roair'
289 1916 355 1963 leonas
366 1916 516 1978 pertimescat?
534 1923 570 1965 Na
586 1917 644 1963 nihil
659 1914 687 1974 est
703 1916 742 1963 illo
757 1917 840 1961 homine
848 1917 973 1973 juncarias.
990 1920 1069 1968 (ἔην.

251 1984 289 2035 65.
307 1981 407 2026 Ascende
423 1981 492 2038 dupio
507 1983 638 2036 notantia]
663 1983 717 2028 Nos
732 1991 760 2026 er
777 1977 858 2026 nolito
874 1978 1015 2040 antiquiore
1034 1980 1090 2030 libro

200 2039 204 2045 '
218 2038 299 2103 πρᾶξιν
309 2042 389 2104 potius
398 2041 514 2108 legimus:
531 2057 579 2101 qua
589 2054 648 2090 voce
658 2057 708 2090 non
719 2039 790 2090 semel
806 2043 831 2089 in
840 2042 876 2088 his
886 2040 995 2105 epistolis
1011 2044 1089 2091 utitur:

221 2104 248 2151 δι
264 2104 329 2163 cuius
350 2103 494 2169 fignificatus
514 2106 599 2153 melius
619 2104 678 2153 mihi
696 2104 763 2164 hujus
780 2104 827 2153 loci
841 2103 962 2153 sententiae
978 2104 1090 2171 quadrare

218 2163 323 2222 videtur,
340 2181 414 2233 quarn
424 2170 473 2225 ejus
484 2169 590 2219 nominis
601 2167 667 2232 quod
677 2166 816 2216 delevimus.
851 2170 928 2217 Vilior.

251 2236 290 2279 66.
306 2234 416 2276 Evocavr't
426 2234 569 2294 etount‘cipris
580 2232 660 2287 denos,
676 2233 701 2282 da·
714 2233 855 2295 quatuoror'ri
869 2238 997 2291 venerum]
1029 2236 1089 2297 Qros

219 2292 347 2355 municipia
364 2291 441 2340 facete
455 2290 532 2342 solent
552 2307 590 2357 ep.
601 2310 622 2344 2.
640 2293 681 2343 lib.
693 2309 715 2343 v.
733 2309 769 2357 ep.
782 2300 819 2349 7⁶·
841 2291 882 2341 lib.
894 2308 958 2342 xrtt.
982 2298 1049 2347 Fam
1066 2298 1089 2345 dt

220 2367 281 2403 orat.
292 2368 336 2417 pro
347 2354 443 2404 Cluent.
462 2358 548 2405 clmd.
569 2360 684 2406 Dertosne
694 2372 724 2405 ex
735 2358 803 2404 omni
814 2370 913 2404 numero
924 2356 1091 2415 decurionum,

221 2429 253 2463 an
264 2420 460 2482 Decemprimor,
475 2433 577 2481 quornm
588 2424 680 2469 mentio
691 2419 724 2468 est
739 2416 969 2475 inRoscinna,haec:
979 2428 1090 2470 Dertona

214 2478 246 2541 fit
263 2484 424 2538 Deterrimum,
445 2496 470 2530 ut
484 2488 630 2547 Decemprimi
645 2483 722 2542 statim
738 2482 917 2546 proficiscerentur
943 2485 974 2529 ad
1002 2488 1091 2547 Sallu·

221 2544 295 2591 Porro
309 2545 416 2600 unviti,
431 2558 457 2594 ut
469 2546 551 2603 uviri,
567 2561 605 2595 ma
623 2545 715 2594 istratus
726 2544 876 2594 inveniuntur
891 2542 962 2594 fnille
974 2546 1003 2595 in
1018 2548 1090 2597 muni·

222 2606 301 2667 cipiis:
317 2604 356 2655 sed
367 2622 445 2657 utrum
461 2609 554 2673 utrique
569 2612 593 2658 in
607 2562 724 2673 fingulis,
741 2623 771 2656 an
786 2623 842 2656 veto
859 2610 884 2656 in
899 2609 952 2657 aliis
970 2612 1090 2669 trviri,iu

219 2668 272 2717 aliis
288 2669 398 2725 trrrviri,
413 2683 502 2721 certum
513 2688 564 2720 non
574 2672 658 2722 habeo.
692 2678 730 2721 De
740 2672 776 2720 his
786 2684 826 2735 atq
891 2671 941 2721 iam
951 2673 1010 2722 aliis
1021 2676 1091 2724 muni·

220 2731 338 2795 cipioturn
352 2734 524 2798 magistratibus
544 2734 647 2798 peritia
663 2736 754 2784 carolo
769 2736 849 2800 Sigont
887 2734 913 2782 in
929 2737 1036 2801 antiquo
1050 2740 1090 2797 iure

220 2794 297 2845 ltalia
312 2794 447 2860 disputatur.
464 2798 582 2861 Malaspin.
615 2802 688 2847 Vetus
704 2798 762 2847 libet
778 2800 803 2850 da
822 2802 956 2969 ιιηᾷνωε
975 2816 1091 2859 omma

221 2858 362 2924 quaternio
376 2861 469 2934 placet,
490 2864 515 2911 δι
537 2864 570 2910 ita
586 2860 646 2909 olim
662 2876 691 2908 ex
707 2862 805 2927 ingenio
827 2874 856 2908 co
911 2859 953 2911 ille
975 2862 1090 2926 Joanucrn

221 2920 351 2985 Baptistam
363 2923 514 2996 sighicellum
525 2926 628 2989 cognovi
640 2939 669 2972 ex
682 2926 837 2972 annotatione
848 2937 862 2970 a
887 2938 959 2974 oram
971 2926 1042 2986 libri,
1056 2942 1089 2977 cu·

222 2985 329 3047 itqmihi
344 2999 439 3048 coptam
453 2986 511 3036 fecit
528 2986 686 3037 ornariffimus
701 2989 791 3047 juvenis
808 2986 926 3035 camillus
938 2990 962 3037 si
983 2990 1089 3048 hiccllrrr

223 3048 249 3097 in
259 3064 309 3115 qno
319 3064 363 3113 pto
374 3052 435 3097 denos
446 3050 493 3099 vidi
502 3054 634 3107 decuriones,
651 3052 711 3099 olim
723 3050 815 3100 emend·
836 3064 875 3097 um
885 3048 935 3099 abe
973 3069 1015 3103 em
1024 3053 1089 3104 erudi·

223 3110 382 3161 tillrmoviro.
416 3114 441 3161 in
454 3113 502 3163 fine
513 3112 615 3178 epistola
626 3115 694 3161 itain
712 3116 803 3177 antiqui
833 3113 883 3161 rbus
898 3110 1016 3180 scriptum
1031 3114 1089 3169 iiiiiie

224 3175 324 3241 opinor,
340 3188 365 3220 ut
374 3180 424 3235 jam
435 3179 533 3224 taloardus
543 3195 578 3223 ma
592 3183 610 3224 r't
625 3179 650 3223 de
660 3177 725 3237 np'lro
737 3179 818 3231 confilr'o
825 3210 832 3232 ,
849 3193 914 3237 quam
926 3182 1023 3229 adhibes
1037 3182 1091 3231 vide·

221 3252 296 3292 retur,
312 3250 355 3298 pto
366 3239 502 3290 adhibendus.
534 3195 615 3304 Ροᾶζαι
626 3254 741 3289 muratum
753 3237 838 3296 iiriffe,
855 3242 880 3289 in
894 3242 925 3286 ad
941 3245 1003 3292 idem
1012 3248 1091 3295 videre·

222 3312 268 3367 aar.
283 3296 387 3352 Urlinus.
419 3302 494 3352 Recte
504 3303 566 3351 hunc
576 3308 656 3352 locum
667 3303 802 3367 Malalpina
811 3304 988 3366 interpretatur.
1011 3312 1092 3359 Mam·

201 3412 204 3419 ,
223 3361 269 3411 rius
281 3360 370 3411 nodum
380 3365 406 3413 iu
416 3362 490 3429 scirpo
502 3366 591 3429 quatit.
624 3368 739 3415 Evocavit
751 3368 832 3415 decem
847 3368 939 3430 primos
952 3405 960 3427 ‚
977 3368 1019 3421 sed
1030 3386 1093 3423 m·

224 3436 278 3477 ruint
290 3428 398 3486 rtttviti,
412 3431 519 3477 evocant
530 3443 610 3479 totum
621 3427 740 3489 scuatum,
757 3443 871 3479 venerunt
882 3428 927 3478 soli
937 3433 1054 3487 consules
1062 3436 1093 3487 lo·

221 3501 252 3543 co
266 3486 381 3553 senatis,
399 3491 466 3557 qnod
478 3490 538 3560 sepe
553 3491 581 3546 fit
600 3491 720 3547 sumtuum
748 3492 935 3548 nuuueadortuu
950 3498 1096 3564 aliorumque
