2136 3908
24 122 760 242 p'ret.'nnA'r'r1cuu.t'557

23 250 211 330 ttempestate
226 250 348 312 eversam
363 250 417 313 effe
432 256 647 344 rempublicam,
668 276 755 339 quam

24 331 90 392 nuit
108 327 383 406 anteprospexen‘m.
420 331 473 392 hac
492 335 573 410 igitur
587 336 755 399 consciendi
797 354 803 367 ·

23 404 166 491 oliciscar,
185 422 291 483 magno
312 406 445 484 equidem
466 426 532 469 cum
556 410 677 484 dolore,
696 434 752 476 nec

23 496 105 575 optet
116 498 183 553 tue,
202 493 250 542 aut
262 496 375 560 propter
388 486 501 544 fratrem
517 505 613 548 meum
622 491 668 560 ,²⁶
677 509 752 569 quo·

24 581 27 619 :
35 576 99 640 jam
113 558 174 620 adca
186 570 253 619 aetas
261 581 270 627 ;
290 557 377 637 quim
390 574 503 638 propter
515 581 633 639 pueros,
652 570 750 644 quibus

26 636 158 697 videmur
230 635 298 695 stare
319 639 402 696 etiam
423 640 625 715 rempublicam
644 642 750 705 debuis-

24 730 106 775 otum
123 713 171 791 qui
190 730 237 771 em
258 712 326 772 alter
356 732 416 773 non
437 726 520 787 tam,
553 720 618 794 quia
640 723 748 795 majore

24 792 61 862 t,
85 807 134 850 me
161 789 319 848 mirabiliter
339 792 501 860 excruciat;
521 793 611 865 alter,
632 794 664 871 (d
683 814 744 858 rem
849 856 857 861 .

38 866 106 928 nihil
120 866 195 925 enim
207 866 280 924 mihi
293 865 392 925 accidit
405 866 434 926 in
448 871 529 928 omni
542 871 598 929 vita
613 873 747 951 acerbius)

24 942 81 1005 mit
93 941 224 1003 videlicet
236 941 326 1001 nostri
340 942 518 1017 depravatus,
538 944 574 1005 ed>
592 948 745 1036 progreffus

29 1038 90 1081 non
110 1018 204 1079 audeo
224 1018 339 1087 dicere;
361 1020 538 1096 &exspecto
558 1034 617 1082 tuas
633 1025 744 1088 litteras.

24 1098 97 1168 uim,
116 1109 145 1155 te
153 1094 320 1171 'scripturum
342 1092 395 1154 effe
415 1097 556 1170 plurima,
575 1098 641 1159 cum
654 1102 744 1177 ipsum

24 1192 93 1234 mne
108 1189 205 1232 meum
220 1171 381 1249 obsequium
397 1173 426 1230 in
439 1173 517 1232 illum
531 1175 656 1236 fuitcum
670 1182 745 1240 mul-

24 1264 69 1311 te:
90 1266 183 1326 neque
197 1265 286 1307 unum
300 1250 375 1325 ejus,
395 1266 447 1307 nec
461 1268 595 1326 paruum,
614 1253 743 1315 scdmul·

24 1325 123 1387 delicta
135 1323 290 1400 compreffi.
327 1326 408 1400 patris
421 1339 514 1385 autem
534 1327 630 1388 lenitas
644 1347 741 1392 aman·
808 1362 812 1373 ι

24 1404 53 1463 tb
64 1402 131 1473 illo,
170 1400 236 1460 uim
250 1413 307 1460 tam
322 1401 467 1461 crudeliter
479 1403 650 1480 negligenda.
670 1424 738 1470 nam

25 1479 89 1541 ead
103 1420 242 1537 Caederem
256 1475 345 1537 rmillas
358 1480 395 1536 ita
416 1481 533 1554 graviter
552 1482 683 1554 tulimus,
703 1501 735 1546 ut
805 1549 809 1555 ,

37 1556 206 1623 celatemtts;
226 1554 272 1614 sed
292 1553 372 1630 ipsius
392 1555 518 1614 videmus
539 1559 625 1616 vitam
648 1561 734 1621 insua-

25 1629 99 1695 dide:
137 1633 195 1690 hoc
208 1629 277 1689 verb
297 1632 355 1706 ejus
374 1630 427 1688 iter
458 1631 652 1711 simulatioque
676 1640 735 1713 pie-

25 1710 124 1771 tfuetit
143 1725 203 1769 non
223 1706 313 1768 audeo
328 1707 429 1767 dicere.
454 1720 563 1770 tantum
586 1711 660 1785 icio,
674 1716 736 1788 post

668 1790 736 1850 Hir·

25 1969 127 2032 'rexitque
139 1967 166 2020 dr
181 1967 242 2030 repit
255 1982 290 2014 me
299 1964 418 2029 precedere.
450 1964 563 2013 Divinam
574 1981 607 2028 tgr
622 1969 731 2029 putabam,

25 2029 122 2080 tvinitus'
130 2029 178 2088 est,
189 2029 266 2080 futura
281 2028 406 2094 predicere
416 2026 478 2093 apud
488 2027 596 2079 Plautum
608 2031 633 2079 in
644 2036 733 2083 Curcu-

25 2110 79 2146 ἨΜ

25 2175 47 2205 ιιι
55 2172 81 2206 ut
90 2170 114 2206 ut
124 2159 175 2218 jam
184 2157 233 2204 aaa
244 2161 317 2215 etan]
340 2159 383 2203 lla
394 2152 443 2202 duae
455 2153 563 2214 vocula,
587 2167 614 2203 ut
628 2169 653 2205 ut
665 2191 673 2214 ‚
694 2157 732 2207 le·

25 2222 80 2279 llis,
92 2232 119 2269 ut
130 2219 204 2269 edidit
215 2217 295 2270 bofiut
307 2235 313 2266 ι
328 2218 354 2266 io
364 2217 537 2276 Tornaefiauo,
553 2216 686 2270 Crusellino
702 2224 729 2273 dt

25 2284 108 2335 lterum
134 2298 158 2332 ut
179 2280 290 2332 omiffum
310 2280 385 2330 fuerat
405 2280 554 2331 librariorum
572 2284 728 2348 negligentid.

25 2346 172 2413 esuspicatus
183 2357 232 2395 etat
247 2343 376 2409 legendum
388 2378 396 2401 ,
410 2361 501 2409 quorum
515 2350 601 2394 urinam
611 2349 659 2394 atla
669 2361 727 2400 aras.

25 2427 114 2477 prum
124 2412 207 2472 estjam
217 2411 266 2456 adia
275 2422 339 2456 aras:
355 2408 420 2472 vulg.
435 2424 527 2473 quorum
537 2413 589 2471 jam
604 2412 653 2458 aila
670 2424 728 2463 atas.

25 2538 140 2602 equidm
150 2537 220 2592 alter,
237 2552 278 2582 non
287 2547 332 2581 tam
342 2536 396 2598 quia
404 2537 485 2594 majore
495 2535 575 2596 pr'etate
589 2533 637 2591 esd]
651 2537 727 2584 Lam·

29 2599 139 2649 omnibus
149 2600 244 2655 invitis,
257 2597 388 2647 etiamnum
398 2597 543 2645 reclamante
553 2595 661 2646 Vid'totio
671 2629 678 2652 ,
690 2598 727 2647 le-

26 2676 46 2711 tt
54 2665 118 2727 prius
125 2658 258 2724 Malaspiua
267 2695 273 2717 ‚
289 2677 379 2724 quorum
385 2662 472 2722 quidem
481 2660 550 2714 alter,
566 2676 607 2704 non
616 2665 724 2723 tamquia

26 2729 49 2772 ia
58 2744 88 2775 m,
96 2739 117 2789 p.
130 2723 168 2772 sed
179 2723 274 2785 Juuiut,
284 2721 335 2773 mis.
347 2723 419 2771 Palat.
430 2718 642 2779 consentientibus,
651 2727 724 2774 Lam·

26 2800 109 2838 eurum
127 2789 209 2846 rejicit.
227 2789 295 2837 Idem.
328 2783 428 2834 Temetd
446 2784 509 2833 hunc
522 2785 604 2834 locum
617 2785 724 2851 interpo-

26 2866 80 2902 πω.
96 2850 130 2900 est
142 2851 207 2898 enim
218 2850 257 2899 hic
267 2847 360 2899 sensus:
377 2848 448 2896 Filius
464 2862 531 2896 metus
546 2862 597 2896 uon
607 2858 659 2896 tam
674 2851 722 2899 mi·

26 2916 150 2970 excruciat,
166 2913 221 2977 quia
233 2914 324 2973 majore
335 2913 423 2975 pietate
443 2910 476 2960 est
492 2924 547 2975 erge
561 2922 621 2966 nos,
645 2910 721 2974 quim

26 2978 63 3035 ie,
82 2978 124 3040 qul
142 2980 166 3026 bt
183 2977 243 3039 pattl
258 2978 283 3025 δι
295 2975 354 3024 mibi
369 2986 453 3037 patruo
470 2974 598 3028 iuimicus,
615 2972 686 3035 prim*

26 3040 117 3090 acerbas
128 3040 216 3088 litteras
227 3036 308 3095 milit,
324 3035 412 3085 deiude
428 3035 458 3084 ad
472 3037 542 3085 illum
557 3034 676 3098 proserius
710 3056 732 3073 -·

26 3119 51 3153 os
61 3101 224 3152 excusaturum
240 3104 285 3160 ,δι
300 3113 385 3149 contra
400 3096 514 3147 accusavit
529 3097 661 3161 detulitque
675 3114 722 3149 uos

26 3182 61 3216 tre
72 3165 215 3216 alienissimo
230 3162 277 3214 effe
292 3197 300 3220 ,
316 3166 341 3213 dt
359 3159 456 3211 consilia
475 3158 634 3226 relinquenda
649 3163 723 3213 ltalia

26 3247 64 3280 na.

26 3290 73 3340 reici
83 3287 176 3349 nostri]
191 3288 263 3338 Molli
274 3286 421 3338 educatione.
438 3285 538 3350 Quintil.
547 3286 587 3340 lib.
599 3303 618 3339 r.
637 3302 688 3354 cap.
697 3304 719 3345 ς.

26 3370 51 3405 et
63 3357 165 3408 Cicero,
182 3367 211 3399 ue
226 3351 341 3409 fratrem,
362 3354 426 3410 cuius
440 3347 577 3400 inteessemr
593 3349 670 3401 filium
682 3353 721 3401 iu·

26 3421 67 3468 ‘ius
78 3413 186 3466 accusare
194 3414 317 3473 videatur,
333 3429 406 3478 quem
417 3428 499 3466 tamen
510 3415 581 3467 uitu'u
593 3414 721 3478 indulgen·

26 3499 41 3532 ἲ.
54 3484 104 3545 seq·
123 3481 209 3530 conae

265 3544 354 3604 ⁶88st
371 3554 382 3596 ἰ
616 3554 655 3596 29·
672 3542 724 3590 sm

237 3680 252 3719 b
