2296 3900
142 75 364 165 burst.
400 112 489 163 an..
518 99 821 168 Arsrcurr.
863 94 948 185 1783

59 215 133 275 ditas
147 213 217 274 tanti
229 230 290 274 non
303 210 351 272 est.
370 211 402 271 δι
413 223 510 271 tamen
525 210 554 266 5⁶
562 210 787 273 obireauebonis
801 209 878 273 diem
897 211 942 271 sa·

58 290 116 350 cile
131 301 287 380 poterunt,
308 290 359 366 (est
373 289 449 349 euim
464 306 513 347 rr-r.
528 288 596 363 tid.)
617 287 638 348 fi
658 306 706 347 me
726 290 756 349 in
777 289 959 351 Tusculanot
974 294 1019 372 gissi
1032 295 1096 356 idm,

57 367 190 444 postridie
203 386 293 429 nonas
308 384 392 427 marre
407 366 599 427 convenerint.
637 364 717 443 qubd
731 366 753 425 sr
765 365 871 426 'laxibs
885 358 989 429 νιν-’ὼ
1000 358 1094 436 tutum.

56 438 119 504 lerlt
130 444 256 522 proferre
272 444 348 504 diem
358 455 507 521 ,poterunt
520 444 566 503 vel
579 444 695 503 biduum
704 486 714 514 ‚
722 455 738 487 ¹
746 443 792 501 vel
802 444 935 515 triduum,
947 436 963 469 ν
974 422 1050 501 .¹.²¹¹¹¹⁶

58 521 107 580 vel
121 533 153 581 ut
165 521 311 582 videbitur.
348 523 417 581 nihil
437 522 514 581 enim
534 520 660 581 interest.
679 538 789 599 quate,
815 521 866 582 nist
876 523 935 598 jam
946 564 963 597 x
978 506 1080 604 'iem

60 598 183 674 profeffl
202 598 288 669 suut,
308 599 434 659 retinebis
455 599 593 658 homines.
631 600 678 657 De
699 598 809 667 Bruto,
828 596 849 656 fi
869 601 937 675 quid
946 629 988 659 non
997 613 1062 672 erra

62 676 137 734 erit:
157 674 194 736 de
209 676 334 746 Caesare,
357 675 413 735 stit
428 674 495 752 quid
509 675 591 743 scies;
613 675 634 735 sr
655 676 723 753 quid
737 677 788 734 erit
807 688 939 750 practerea
947 677 1011 726 arro.

63 751 170 812 scribes.
208 752 280 811 Illud
295 757 378 813 etiam
392 765 475 827 atque
489 753 574 812 etiam
589 752 744 813 confideres
758 752 863 823 velim,
883 752 941 828 pla·

62 840 162 887 ceatne
182 830 232 888 tibi
254 831 327 889 mitti
347 831 383 890 ad
412 829 570 889 Varronem
594 831 671 908 quod
691 829 851 905 scripsimus.
890 831 940 889 etsr

63 908 149 964 etiam
163 906 198 965 ad
213 919 241 964 re
254 906 357 984 aliquid
370 907 496 983 pertinet.
534 926 601 967 nam
623 909 707 976 scito,
727 917 756 964 te
779 907 806 965 ei
828 905 940 982 dialogo

64 981 228 1058 adjuncium
247 979 302 1043 esse
321 987 443 1043 tertium.
475 986 584 1060 opinor.
609 987 691 1061 igitur
710 982 939 1043 confideremus:
1114 986 1126 1019 b

63 1057 134 1121 retii
148 1061 264 1119 nomina
278 1061 338 1139 jam
357 1061 430 1120 facia
448 1060 518 1120 sunt.
538 1061 603 1121 ²sed
622 1061 667 1121 vel
685 1058 797 1131 induci,
817 1061 863 1121 vel
876 1077 965 1126 muy
979 1066 1025 1110 alii

63 1135 115 1194 tari
133 1133 251 1211 possunt.
603 1152 606 1161 ·
950 1123 1033 1203 &est

949 1191 1066 1238 ΗΜ(-

326 1295 587 1345 aristosa
623 1297 680 1345 xv.
951 1251 1049 1303 “ms‘d'

198 1441 440 1503 crcE-Ro
480 1440 737 1502 ATTICO
777 1440 803 1498 S.

131 1606 210 1663 Uro
230 1607 286 1682 agit
300 1644 309 1675 ,
329 1608 442 1667 obsecro
456 1621 503 1676 te,
523 1607 617 1667 Attica
630 1605 720 1666 noslra
734 1603 747 1663 ἓ
768 1622 834 1664 nam
847 1604 940 1666 triduo

151 1681 197 1740 abs
210 1692 238 1740 te
251 1682 336 1742 nullas
349 1701 526 1760 acceperam:
547 1703 600 1743 nec
613 1686 732 1742 mirum:
753 1699 841 1741 nemo
862 1685 941 1741 enim

67 1766 207 1841 venerat:
227 1775 280 1817 nec
301 1757 409 1819 fortasse
435 1759 513 1818 caula
540 1761 637 1819 fuerat.
674 1760 767 1834 itaque
795 1757 850 1833 ipse
872 1760 942 1836 quid

64 1833 212 1892 scriberem
241 1852 301 1893 non
320 1836 463 1894 habebam.
501 1853 559 1912 quo
579 1848 674 1895 autem
694 1835 738 1895 die
757 1836 805 1893 has
826 1833 941 1895 Valerio

66 1908 186 1977 dabam,
206 1910 397 1988 exspesiabam
412 1910 533 1989 aliquem
548 1930 693 1971 meorum:
734 1913 762 1969 ui
775 1910 795 1968 st
809 1909 940 1980 venisset,

67 1988 99 2044 ὃ(
114 1987 130 2045 i
144 1999 172 2045 te
186 1987 273 2064 ⁸quid
287 1985 431 2058 attulisset,
451 1988 581 2047 videbam
593 2006 662 2061 :non
681 1930 840 2046 desuturum
862 1988 940 2066 quud
986 1994 1011 2064 r.
1033 1994 1058 2064 ¹³:

62 2048 228 2134 lcriberem.
948 2052 1068 2167 :tl-aimus

327 2222 593 2271 emron
623 2220 696 2270 XVI.

272 2386 456 2447 ercurio
477 2336 675 2475 As‘rrco
704 2383 731 2443 s.

65 2545 123 2651 N
132 2514 285 2628 O's3uci1m
299 2538 413 2601 flumina
433 2542 464 2601 &
483 2538 662 2601 bsolitudines
677 2538 937 2629 sequeremur,qub
948 2553 965 2602 b
978 2551 1087 2630 solitarii-

80 2674 84 2681 ,
143 2616 246 2677 facrlrbs
259 2618 405 2679 sustentare
416 2636 469 2678 nos
482 2613 638 2693 possemus,
658 2615 760 2692 pedem
775 2613 791 2674 ὲ
807 2617 870 2676 villa
890 2617 938 2676 ad·
947 2632 1004 2666 nem
1019 2620 1071 2668 ⁴111·

66 2694 125 2752 huc
138 2694 233 2769 egreffi
248 2712 305 2754 non
320 2694 411 2753 sumus
428 2716 437 2761 ;
471 2694 509 2752 ita
523 2711 639 2770 magnos
665 2693 695 2750 &
709 2690 825 2752 affiduos
839 2694 939 2754 imbres

66 2770 244 2832 habebamus.
281 2771 359 2831 illam
388 2770 600 2831 crbcatlcmicen
627 2768 755 2843 σύνταξιν
782 2781 873 2831 tutam
904 2770 961 2830 ade
977 2778 1070 2831 Acade-

867 2846 940 2906 Vas.
949 2848 1039 2895 micam

948 2911 1001 2958 clii.

100 3008 137 3059 55.
153 3001 215 3047 obire
225 3004 330 3050 maionis
339 3002 416 3059 dim]
431 3001 487 3050 Dies
497 3000 613 3050 mirionis
623 2997 736 3049 intabula
745 2997 938 3063 proscribebatur,

66 3078 119 3128 quo
132 3060 209 3113 adesse
219 3068 244 3114 δι
260 3065 325 3114 liceri
340 3063 435 3114 cuilibet
446 3063 637 3128 permittebamus
654 3076 693 3111 aut
704 3078 718 3110 a
729 3076 835 3125 precone
847 3064 940 3126 procla·

64 3125 190 3184 probatura
206 3140 232 3176 ut
243 3128 335 3239 {lautus
344 3129 370 3176 iu
382 3127 545 3175 Menecbmis.
578 3126 623 3174 sed
636 3125 675 3174 hic
687 3125 738 3173 dieo
748 3127 864 3175 aristionis
875 3142 941 3175 uon·

21 3198 24 3203 '
65 3191 125 3239 dum
135 3202 186 3238 erat
201 3205 245 3255 pro
255 3192 328 3254 cripta
347 3191 384 3240 vel
400 3191 565 3251 proclamata:
588 3202 681 3238 tantum
699 3190 760 3237 inter
776 3190 877 3238 harcdes
890 3202 941 3240 erat

64 3251 206 3308 constituta.
222 3255 302 3318 itaque
312 3269 365 3303 eam
381 3252 484 3317 proferre
499 3251 592 3302 licebat.
627 3254 690 3300 orire
705 3254 763 3298 diem
777 3256 901 3311 urbionis,
916 3267 942 3302 na

66 3330 148 3362 mrum
159 3318 271 3379 peritioris
283 3320 325 3376 suc
340 3335 381 3363 non
398 3319 506 3373 abr‘erurr3
523 3319 591 3364 Fam.
602 3314 674 3366 libr.
701 3321 787 3380 Popma.

101 3393 138 3436 57.
154 3381 247 3442 Siquid
259 3382 329 3443 scien
343 3381 428 3442 siquid
442 3383 484 3427 crit
497 3393 618 3442 praterea,
634 3380 728 3438 solita]
753 3382 790 3433 Sic
799 3386 897 3437 Decurt.
913 3380 941 3427 δε

66 3438 172 3495 aomar
182 3442 248 3508 vulg.
257 3446 287 3497 Si
294 3444 409 3510 quidforet
415 3454 527 3509 praterea,
540 3443 628 3504 scribes.
659 3442 746 3497 Cierio.

481 3509 618 3570 Xxxxa4
783 3520 791 3527 ·
834 3514 872 3565 5⁸·
887 3505 942 3553 Mc·
1003 3494 1088 3656 Ι
