2296 3900
156 108 168 126 ”
225 113 310 207 1788
364 108 993 177 -·1.rannanarrosortcttrus2

78 478 92 541 e
106 464 150 534 alsi

80 543 172 585 ecastor.

78 632 89 666 t
103 631 191 681 easque

78 685 151 731 Grau.
159 686 185 736 β’

78 746 128 815 clii.

228 222 320 296 collo,
340 224 494 285 Hortensio
508 221 701 292 contuleram,
720 221 826 282 sanein
842 223 976 300 personas
988 241 1054 285 non
1068 234 1107 284 cs*
1139 234 1141 239 '

228 300 338 375 debant.
376 301 407 356 ⁶9
414 315 491 361 etant
504 302 581 360 enim
595 303 785 371 supracitata,
804 302 892 378 quim
913 312 948 360 ut
969 301 1010 361 illi
1025 301 1104 362 cleiis

227 375 372 439 somniasse
386 397 521 455 umquam
537 378 705 437 viderentur.
744 377 854 465 itaque,
874 388 905 436 ut
918 378 977 454 legi
998 378 1103 438 tuas'de

227 454 380 525 Varrone,
400 469 457 514 tarn
479 473 542 512 uam
558 456 680 525 ⁸historiar
701 454 808 528 arripui.
848 455 939 530 aptius
962 453 1022 512 effe
1043 455 1102 514 nihil

227 533 319 607 potuit
334 532 410 591 adid
424 474 605 608 philosophiae
619 549 725 607 genus,
744 548 803 606 quo
818 529 862 589 ille
885 529 1018 591 maxime
1040 532 1101 591 mihi

227 607 358 668 delectari
371 609 496 677 videtur,
515 617 663 684 tmeusque
675 618 784 684 partes,
805 618 843 666 -ut
861 625 923 669 non
939 608 995 667 sim
1012 608 1101 667 conse·

227 696 331 761 cutus,
350 698 382 745 ut
403 686 524 761 superior
544 701 609 744 mea
630 685 708 744 causa
730 682 862 742 videatur.
900 680 1007 743 7⁶sunt
1034 686 1102 745 enim

226 761 409 822 uehementer
438 762 534 819 attauh
558 761 733 822 Antiochia:
769 777 834 838 quae
853 759 1005 839 diligenter
1025 759 1043 819 i
1060 779 1101 821 mc

228 836 350 915 expressa
369 856 489 899 acumen
513 838 616 897 habent
636 836 798 906 Antiochi,
825 838 950 919 nitorem
974 838 1101 909 orationis¹

226 916 349 976 nostrum
357 938 367 984 ;
386 916 408 975 fi
423 913 512 975 modo
526 916 547 973 is
562 915 599 973 est
612 914 708 991 aliquis
722 916 751 972 in
765 913 854 972 nobis.
887 912 939 973 sed
966 926 1001 973 tu
1015 956 1025 983 ,
1044 912 1102 975 dm·

228 992 317 1051 dorne
329 1006 407 1069 putes
420 992 472 1051 hos
486 991 570 1050 libros
583 992 704 1050 Varroni
720 1035 729 1061 ,
750 991 834 1049 etiarn
855 1001 951 1067 atque,
964 992 1053 1065 etiam
1066 992 1101 1050 ti·

227 1066 311 1128 debis.
350 1070 418 1129 mihi
433 1067 563 1163 quaedam
578 1081 742 1128 occurrunt:
760 1065 808 1126 sed
827 1082 860 1125 ca
873 1083 985 1126 coram.
1023 1146 1102 1195 m

254 1326 292 1373 69.
307 1323 377 1367 Erant
387 1323 445 1365 enim
457 1317 677 1379 rapturumque»
688 1318 780 1365 inutilia
790 1316 818 1381 da.
825 1319 854 1365 ist
865 1314 941 1365 tanta
948 1317 1101 1380 &iniquavi-

224 1381 341 1441 detentum]
367 1385 398 1429 Ut
409 1381 447 1429 hic
460 1383 508 1440 iarn
518 1380 586 1431 foede
601 1382 741 1444 depravatus
752 1393 800 1429 etat
811 1381 898 1437 locus,
926 1381 963 1428 ita
978 1393 1044 1429 nunc
1069 1378 1102 1427 lc·

225 1457 269 1491 uus
280 1446 305 1493 δι
317 1444 409 1509 integer
422 1445 521 1508 legitur:
536 1443 623 1494 essunt
634 1445 659 1494 in
670 1443 751 1493 nostro
762 1443 898 1508 antiquiore
910 1438 1030 1491 sincetael
1068 1442 1100 1489 'o-

225 1506 263 1553 nia
273 1504 380 1571 vestigia:
398 1520 423 1554 uc
436 1522 517 1570 parum
528 1509 630 1557 omnino
641 1505 795 1564 desideretur,
812 1522 856 1556 nec
866 1506 929 1555 ullus
940 1504 1059 1555 mediocri
1067 1505 1101 1551 in·

226 1569 300 1631 genio
310 1570 417 1632 praeditus
428 1571 476 1618 illis
492 1569 587 1618 ducibus
608 1574 661 1618 non
675 1571 705 1619 ad
721 1583 802 1618 veram
817 1570 950 1619 lectionem
964 1568 1098 1632 perveniret.

227 1629 342 1680 videturlt
353 1632 399 1682 hoc
410 1634 483 1680 etiarn
494 1633 629 1690 Germani,
644 1634 670 1682 in
685 1647 738 1682 mat
755 1633 793 1680 'ne
804 1635 869 1681 caim
887 1630 921 1682 sui
937 1630 1031 1680 codicis
1044 1630 1099 1679 haue

227 1707 326 1757 quoque
341 1697 507 1745 collocaruntz
527 1695 566 1745 sed
585 1711 625 1744 cut
640 1711 691 1759 noo
708 1708 738 1754 ru
749 1693 805 1759 gard
818 1695 934 1762 'sessione
957 1691 1057 1769 explosi
1075 1694 1098 1741 lc

226 1757 303 1812 eicltl
313 1758 411 1807 hanoin
424 1758 489 1807 suam
505 1758 584 1809 sedem
599 1760 769 1823 reposuerunt?
785 1758 890 1821 quirilli
907 1771 964 1807 tam
980 1754 1098 1807 variole&

225 1817 311 1880 foedae,
326 1821 372 1869 hic
382 1821 485 1884 reperti,
501 1822 567 1872 locus
578 1819 624 1871 ess'e
635 1821 717 1886 potest
752 1824 829 1877 Vt'tior,

258 1899 297 1940 70.
314 1889 369 1933 Sunt
380 1903 436 1931 enrm
446 1886 576 1933 uehementer
592 1890 734 1944 antiochia]
765 1889 875 1935 Graecum
888 1883 930 1932 (liu
948 1884 1049 1933 verbum
1064 1881 1097 1933 hle

224 1942 382 1996 desideratum
394 1947 441 2004 eli,
456 1962 487 1995 ne
501 1946 576 2013 spatio
588 1948 684 2012 quidem
697 1950 731 1997 illi
742 1948 833 1998 relicto.
865 1945 923 1996 libet
936 1960 1019 1996 autem
1030 1960 1098 2011 expo·

226 2024 283 2059 nete
292 2010 363 2073 quim
377 2026 447 2073 parva
459 2010 573 2074 perversio
584 2025 635 2060 tam
648 2027 763 2075 magnum
779 2009 966 2059 incommodum
983 2010 1097 2065 attulerit,

225 2086 252 2120 ut
264 2073 278 2122 h
288 2073 426 2123 doctissimis
437 2075 505 2129 viris,
516 2077 540 2123 in
551 2091 654 2138 quorum
665 2073 786 2130 manibus,
821 2086 919 2122 uantum
931 2074 1098 2122 illiscommc·
1110 2112 1116 2127 ,

227 2135 286 2185 dum
296 2137 355 2193 fuit,
371 2137 429 2185 liber
440 2151 513 2198 quem
525 2153 586 2186 nunc
597 2138 664 2187 dorni
681 2137 765 2186 nostrat
780 2088 894 2185 hailremtts
910 2135 1016 2192 maraht,
1032 2135 1100 2185 intel-

227 2199 316 2247 lcstutn
329 2202 354 2249 δι
365 2199 495 2248 restitutum
508 2199 616 2249 nonsit:
633 2203 667 2249 ita
678 2202 741 2248 enim
755 2202 779 2249 in
792 2215 823 2248 eo
835 2197 868 2247 est
880 2204 1033 2249 sslOANAe
1048 2194 1098 2247 utfi

224 2262 313 2309 circulo
323 2263 359 2309 illi
372 2262 483 2324 punstum
494 2263 520 2310 itt
530 2264 624 2319 medio,
639 2276 755 2327 tanquam
770 2275 877 2311 centrum
891 2261 1020 2319 colloces,
1036 2260 1109 2325 quod⁴

226 2322 350 2372 litorariis
362 2340 391 2371 ne
409 2326 509 2387 ligentet
519 2326 626 2374 relillunt
637 2325 683 2380 cst,
700 2340 784 2374 omnes
795 2324 903 2373 tenebras
913 2325 1048 2389 expuleris,
1063 2323 1099 2371 lu·

225 2400 326 2455 pemque
336 2388 371 2435 illi
383 2341 481 2437 liutem
494 2388 680 2453 &splendorem
696 2387 831 2438 reddideris.
864 2391 921 2436 Haec
934 2400 1022 2437 eutem
1037 2384 1097 2449 post·

224 2464 298 2512 quam
308 2449 422 2499 illustrata
432 2449 497 2508 sunt,
513 2464 564 2500 tam
575 2453 638 2517 clara
650 2455 675 2501 δι
687 2465 787 2516 aperta,
802 2463 902 2514 magnas
918 2448 1044 2499 molestias
1057 2463 1098 2499 ex·

224 2511 306 2563 hibent
318 2526 448 2577 antequam
457 2514 578 2563 interiecta
588 2513 642 2565 sint.
675 2529 719 2564 nec
727 2528 790 2562 nunc
799 2513 855 2562 ideo
866 2513 913 2561 hoc
923 2511 1099 2575 dicimus,quia

225 2576 295 2626 valde
305 2576 374 2625 nohis
384 2580 410 2626 in
421 2578 457 2626 his
473 2580 541 2641 nugis
556 2578 708 2642 placeamus:
722 2586 789 2626 'narn
805 2578 835 2626 δι’
847 2574 965 2625 Germani
980 2574 1031 2625 ltcc
1044 2571 1098 2623 ante

224 2639 344 2696 viderant,
362 2643 387 2691 δι
399 2643 490 2689 minuta
506 2641 554 2688 hacc
569 2639 616 2690 effe
632 2644 658 2690 &
674 2640 735 2689 levia
752 2640 870 2688 sentimus.
904 2637 1042 2688 Antiochus
1057 2650 1097 2686 au·

224 2716 275 2752 tem
289 2705 328 2752 hic
344 2704 480 2753 Ascalonita
500 2704 583 2753 vetetis
600 2703 732 2753 academia
749 2703 799 2752 fere
814 2703 863 2760 iam
880 2699 976 2759 deserte
1014 2700 1096 2749 atroci·

223 2768 290 2815 nium
303 2765 411 2829 suscepit,
426 2780 527 2828 eamque
536 2767 594 2814 totis
604 2768 694 2829 ingenii
710 2766 793 2814 viribus
809 2764 980 2815 defeufitatit't
995 2715 1043 2813 luat
1058 2776 1097 2817 ate,

177 2838 183 2851 ³
223 2841 274 2878 tem
285 2833 314 2880 L.
325 2830 425 2878 Lucullo
435 2828 505 2878 valde
514 2827 651 2886 familiaris,
666 2843 692 2878 ut
705 2827 837 2878 Plutarchus
852 2828 877 2876 in
893 2829 944 2887 eius
959 2822 1010 2876 r'ita
1026 2824 1097 2877 tredi-

222 2891 271 2949 (llt,
286 2889 318 2941 stc
332 2905 410 2941 autem
420 2891 450 2941 de
462 2907 492 2939 eo
509 2891 632 2955 loquitut:
655 2895 715 2941 lluov
731 2895 756 2941 dt
772 2892 812 2945 «rit
827 2893 971 2950 A'rtttdrpat'tte
988 2890 1016 2955 ὀξ
1029 2889 1096 2953 ὼχῗι

223 2956 297 3012 itcrat
313 2958 352 3003 atri
368 2955 433 3016 ζῆλον
449 2958 518 3019 ἴσχεν
534 2958 547 3003 κ’
559 2960 598 3007 tit
617 2960 663 3008 rice
683 2956 800 3015 septicius<
827 2957 907 3014 celet?
929 2950 1029 3005 airdtt'ctre
1045 2956 1094 3001 rtet

222 3017 271 3072 ecit
283 3018 400 3075 capurisso
414 3018 488 3078 alpos:
503 3018 668 3076 diffluitur&
701 3016 765 3066 dauri
780 3017 820 3069 ‘rit
832 3019 934 3069 nescirit
947 3012 1048 3077 πιθηόν
1063 3016 1096 3063 dt·

222 3081 263 3140 δρα
280 3082 320 3129 erl
335 3080 401 3129 striis
418 3078 488 3129 'trualt
506 3082 561 3128 ‘rire
576 3077 691 3140 arpos-dent
705 3079 793 3142 ἰχὼρ
809 3079 847 3128 eit
862 3079 1033 3128 hortemini
1046 3077 1097 3126 Δί·

221 3148 301 3204 ‘tiozo
319 3145 340 3190 ὲν
359 3139 424 3202 rta'ep
444 3144 524 3204 credi
539 3142 699 3200 nestorium&
717 3145 780 3190 Φίλαν
802 3142 812 3187 c'
830 3142 957 3197 thiecurt&
977 3142 1022 3189 zei
1039 3156 1097 3192 eurc-

221 3204 304 3267 βιωτήν
327 3204 480 3254 iretrieltee
503 3204 552 3256 ‘tait
573 3209 671 3259 uitur&
693 3202 816 3263 deportarit
838 3200 865 3251 ὅν
889 3204 928 3253 reati
952 3205 1047 3267 melgor
1068 3196 1097 3249 ir.

218 3266 286 3316 ldcm
302 3268 350 3316 fere
366 3268 396 3317 de
412 3266 497 3316 eodem
518 3267 623 3332 loquitur
637 3268 663 3317 itt
678 3267 727 3316 vita
741 3267 811 3315 Bruti.
846 3265 918 3314 Vides
936 3265 1016 3328 igitur
1027 3263 1097 3313 ctiam

217 3332 367 3378 Plutarchum
377 3329 441 3379 idem
456 3328 540 3379 sentite
556 3346 611 3380 curn
628 3333 763 3386 Cicerone,
778 3329 820 3391 qui
836 3328 989 3377 Antiochum
1011 3326 1097 3375 etheris

216 3395 332 3456 appellet,
348 3392 371 3440 id
382 3391 414 3440 est
425 3407 543 3456 magnam⁴
551 3394 636 3442 habere
648 3391 800 3455 persuadendi
813 3391 863 3441 vim
878 3394 928 3450 eius
945 3390 1096 3447 orationem,

217 3459 243 3507 δι
256 3470 344 3520 magno
355 3453 482 3506 verborum
493 3456 583 3520 impetu
593 3456 744 3522 pronuntiati
761 3454 849 3521 trudat,¹
883 3456 955 3509 idem.
1049 3516 1103 3568 vm

995 3531 1034 3579 71·
1100 3578 1103 3583 ,
