2296 3900
346 110 379 177 L
418 129 431 175 r
470 127 491 173 n
533 124 554 171 re
594 124 631 176 rr.
850 117 935 187 ²¹75
989 122 993 129 ·

49 232 156 277 tomen
169 212 313 289 susceperit
326 209 489 279 consularis,
508 221 541 269 ut
552 190 696 271 Ciceronis
711 209 757 269 est.
777 213 923 345 Quoiam

49 295 115 353 nihi
129 304 222 349 tacere
237 307 296 349 non
308 288 402 356 licuit,
421 288 496 362 leges
508 303 573 365 quae
588 287 637 346 tibi
651 283 760 347 necesse
780 305 796 346 e
834 288 923 348 mole-

49 368 85 429 sta
99 364 164 427 else.
183 430 185 435 ,
202 365 315 425 Etenim
336 362 392 441 ipse
407 362 518 433 sentio,
539 375 644 438 quanto
658 380 725 423 curn
739 362 838 423 dolore
858 364 921 423 lcaee

49 444 84 505 nd
97 439 372 518 te·²perscripserim:
393 456 446 499 nec
461 440 580 515 ignoro,
599 439 666 517 quid
679 426 774 499 sentias
797 440 826 499 in
839 456 921 514 repu·
930 441 1052 522 qseripse·

49 519 140 589 blica,
158 522 189 578 δι
201 518 288 595 quim
309 515 477 591 desperatam
496 512 612 593 q'uoque
632 515 716 575 sanari
737 528 817 591 putes
836 512 920 592 posse
931 509 1039 560 ‘M‘-

49 592 112 657 Nec
128 590 286 655 mehercule
300 603 346 661 te,
367 592 461 650 Attice
476 633 485 657 .
513 591 695 669 reprehendo.
733 590 813 652 AEtas
828 592 922 663 enim,

49 688 162 741 mores,
180 670 275 738 liberi,
295 667 406 744 segnem
420 666 564 728 efficiunt:
584 667 662 745 quod
684 668 800 745 quidem
813 668 948 730 l’erianrla
967 683 1058 736 &ism

50 757 77 802 ⁷¹
87 746 234 821 exfluvio
247 743 340 805 nostro
355 744 485 820 perspexi.
525 743 578 803 Sed
593 745 678 803 redeo
694 744 728 802 ad
743 743 922 805 Ciceronem.

52 824 131 903 Quid
147 827 217 883 inter
231 830 260 875 7²
270 820 448 881 Salvidenum
475 820 504 879 δι
525 837 592 879 eum
618 819 755 879 interest?
774 821 852 897 Quid
874 840 924 880 au·

52 911 111 961 tern
126 900 241 974 amplius
255 898 299 955 ille
320 896 501 956 cdecerneret
518 895 531 953 l
551 896 675 966 Timet,
694 897 817 972 inquies,
837 899 945 957 etiarnc
962 896 1075 974 ¹decernet

50 993 127 1039 nunc
146 975 272 1050 reliquias
292 972 355 1031 belli
374 973 467 1031 civilis.
507 973 662 1050 Quisquam
690 991 757 1048 ergo
777 975 814 1031 ita
842 976 924 1033 timet
932 962 984 1012 ‘lm

49 1052 251 1129 profligatum,
271 1059 302 1106 ut
316 1066 407 1125 neque
421 1053 576 1124 potentiam
598 1049 655 1122 ejus
671 1090 680 1116 ,
699 1051 747 1125 qui
769 1053 921 1110 exercitum

49 1131 190 1190 victorem
205 1127 320 1194 habeat,
339 1143 431 1202 neque
451 1127 636 1184 temeritatem
657 1126 733 1200 pueri
754 1138 831 1200 putet
852 1128 922 1185 exti—
975 1155 1044 1219 „3⁸-

49 1205 230 1266 mescendam
245 1199 318 1260 esse?
337 1203 424 1260 rsAn
446 1202 502 1259 hoc
523 1201 610 1276 ipsum
632 1218 664 1258 ea
686 1218 715 1257 re
736 1200 824 1270 facit,
844 1200 1077 1278 quodecrxzxvin.

49 1282 89 1343 illi
105 1293 216 1359 propter
231 1277 442 1353 amplitudinem
455 1278 551 1335 omnia
568 1278 636 1352 jam'
655 1276 782 1353 ultroque
797 1277 922 1337 deferen-

49 1360 87 1419 de
103 1355 201 1434 putat?
222 1354 251 1412 Ο
266 1371 396 1430 magnam
409 1353 548 1424 slulritiam
563 1351 722 1419 timoris,id
735 1352 821 1423 ipsum
831 1353 925 1430 ,quod

49 1434 192 1499 verearis,
212 1431 248 1488 ita
264 1446 378 1499 cavere,
399 1441 447 1498 ut,
466 1428 530 1487 citm
553 1430 638 1487 vitare
660 1425 769 1486 fortasse
783 1433 923 1505 potueris,

49 1511 125 1571 ultro
147 1502 257 1567 arcessas
276 1503 327 1565 d&
341 1507 473 1564 attrahas!
496 1505 623 1564 Nimium
639 1504 769 1562 rimemus
788 1517 945 1575 mortemer
961 1529 1035 1580 etque

51 1585 240 1651 &exsilium
259 1584 502 1658 &paupertatem
540 1583 602 1639 lraec
623 1579 770 1639 eridentur
791 1583 921 1641 Ciceroni
932 1584 1004 1630 bamb·

50 1663 152 1723 ultima
165 1658 218 1721 effe
232 1660 261 1716 in
275 1659 367 1717 melis:
388 1657 512 1728 &,dum
526 1658 624 1717 habeat
633 1655 668 1726 ,i
681 1658 778 1734 quibus
793 1660 921 1734 impetret
929 1660 945 1755 j
947 1643 1016 1758 ’ἔξω
1024 1641 1072 1697 “¹⁴¹-

858 1753 924 1812 ‹ruae

55 1930 104 1979 Pal.
116 1928 160 1980 sec.
167 1941 224 1978 tert.
236 1941 293 1977 narn
304 1943 338 1993 pt.
352 1928 377 1978 &
387 1939 464 1992 quart.
470 1929 583 1991 sussceperit
593 1927 714 1988 confideris
724 1940 763 1975 aur
774 1932 877 1978 ciceronis
887 1931 923 1992 est.

56 1993 116 2043 Aldi
126 2005 206 2043 vetus:
220 1995 299 2057 pudeat
313 1991 425 2054 conspicere
436 1991 565 2050 fortunam,
581 1994 641 2051 cujus
658 2008 731 2038 nomen
740 1993 859 2054 susceperit.
875 2002 927 2049 sotr-

52 2056 137 2116 saleru
147 2059 195 2112 hee,
212 2054 398 2114 ancieorom'sest?
413 2054 479 2102 nulla
489 2055 619 2103 sessionum
632 2055 713 2102 animo
722 2052 779 2103 facit
790 2057 850 2105 satis.
869 2071 927 2106 nam

56 2118 169 2169 Lambini
184 2133 219 2167 ne¹
228 2117 355 2183 producere
366 2114 463 2181 quidem
475 2116 552 2173 libet,
574 2117 636 2163 adeo
645 2115 711 2165 sarua
720 2115 763 2166 est.
778 2121 867 2166 Gruter.
973 2153 975 2158 .

88 2196 128 2237 71.
145 2183 269 2228 ExFiavio
280 2181 346 2238 nostro
359 2180 475 2243 perspexi]
507 2180 657 2228 Antonianos
672 2179 730 2227 libet
745 2184 769 2226 r'rr
785 2183 883 2238 flavin
900 2183 926 2233 8(

57 2244 185 2305 probatur,
201 2255 225 2290 ut
238 2239 260 2292 se
271 2244 332 2292 dicar
343 2247 424 2291 Brutus
437 2242 508 2292 Attici
519 2240 642 2291 consilium
658 2237 815 2305 perspexisse,
831 2258 881 2292 non
896 2246 926 2294 ei

58 2304 171 2352 sermone
182 2304 275 2361 Flavii,
289 2305 364 2354 sedin
373 2303 439 2354 fatto
450 2307 523 2354 Flavii
537 2322 544 2352 r
561 2320 615 2355 curn
631 2306 723 2352 articus
740 2304 769 2354 ab
784 2320 813 2354 eo
824 2307 928 2370 appella·

56 2379 112 2421 rus,
128 2379 153 2414 ut
170 2366 248 2428 prinee
265 2367 336 2427 selle
353 2368 424 2419 rellet
444 2370 528 2431 privati
543 2369 654 2418 cerariis).
666 2367 762 2417 enfans
777 2368 840 2416 illius
854 2371 928 2418 inrer-
1028 2366 1032 2383 ¹

60 2428 191 2478 sessoribus
206 2382 378 2486 consumendi,
400 2429 489 2492 prorsus
505 2432 608 2493 negavit.
641 2435 695 2479 Hoc
706 2441 784 2478 totum
796 2428 899 2480 scribitur
914 2447 928 2480 a

60 2494 164 2554 Nepote
176 2493 201 2539 in
212 2489 281 2598 lapsus
291 2493 365 2540 Attici
379 2494 434 2541 vita.
468 2498 599 2553 malaspina.

91 2569 131 2610 72.
147 2555 215 2600 Salvi
229 2560 311 2612 enum]
332 2555 424 2616 Opinoi
439 2553 583 2603 scribendum
600 2549 646 2602 effe
661 2556 833 2603 salmariam.-
849 2568 863 2603 ι
879 2556 929 2603 Sal-

58 2615 125 2666 vilra
140 2620 205 2665 enirn
220 2613 312 2664 familia
327 2617 471 2666 Salvidienus
486 2632 576 2664 nornen
591 2615 717 2665 dedustum
731 2616 782 2672 est,
799 2631 824 2664 ur
837 2618 847 2664 l
860 2618 931 2667 Nasi-

57 2681 98 2729 dia
115 2679 273 2728 Nasidienus:
291 2681 315 2727 &
326 2681 359 2726 ira
369 2678 456 2727 habent
467 2691 557 2727 vererer
568 2680 655 2741 lapides
667 2682 691 2728 δι
707 2679 767 2728 libri.
800 2681 873 2734 vrso.

92 2757 130 2799 73.
150 2753 193 2788 ,Αη
203 2746 239 2788 loe
249 2743 320 2803 ipsum
329 2759 354 2787 ea
364 2759 386 2789 re
393 2741 470 2800 βοέῃ]
496 2738 649 2803 Manuscripti
659 2740 711 2790 libri
723 2775 730 2796 ‚
746 2743 870 2799 rorefecit:
885 2743 928 2795 etsi

58 2818 149 2852 novum
161 2803 272 2858 verbum,
288 2818 337 2851 non
349 2803 652 2853 tamencontemnendum.
684 2805 745 2867 Quia
761 2802 820 2851 risus
834 2803 867 2852 ess
882 2821 928 2854 no·
1007 2853 1012 2863 ,

59 2866 96 2916 bis
108 2865 178 2915 valde
188 2865 380 2923 confiderandus,
397 2869 422 2916 dt
436 2866 490 2915 huic
506 2869 580 2915 eriam
598 2867 654 2912 loco
671 2878 755 2914 notant
765 2865 928 2930 adposuimus:

59 2930 86 2978 dt
100 2943 175 2992 quam
196 2927 282 2977 habent
305 2927 415 2976 meliores
436 2928 488 2977 libri
510 2930 646 2977 varietatem
669 2928 842 2993 proposuimus.¹
871 2933 932 2980 Non

59 2991 139 3040 multo
151 2988 216 3052 supra
227 2993 252 3039 irr
262 2991 306 3039 hae
320 2989 368 3055 ipsa
378 2990 476 3053 epistola
486 2992 552 3039 locus
562 2990 595 3038 esl
611 3005 660 3037 non
671 2995 748 3039 minus
763 2990 870 3040 obscurus
880 3026 888 3048 ,
903 2995 930 3044 de

60 3053 85 3103 in
95 3055 200 3114 antiquie
216 3052 335 3101 codicibus
349 3055 419 3102 valde
435 3053 579 3116 perturbatus
596 3055 621 3101 δι
638 3067 748 3107 mancus,
765 3069 866 3117 quqrurrr
883 3070 928 3105 nor

58 3114 189 3165 lestionem
200 3117 225 3164 in
236 3114 339 3164 medium
352 3131 524 3180 proponemus,
538 3129 563 3164 ut
575 3113 688 3174 iudicium
696 3115 784 3164 saciant
796 3115 929 3174 dosliores,

61 3176 121 3227 sitne
137 3177 257 3227 habendus
278 3181 303 3227 δι
320 3178 367 3241 ipse
379 3180 440 3227 inter
455 3178 602 3242 depravatos.
636 3177 675 3227 Est
695 3193 774 3227 autern
795 3181 852 3236 hie,
883 3187 929 3227 Ima

58 3244 178 3304 triumphus
191 3275 199 3298 ,
214 3240 241 3296 (7
252 3241 406 3304 stipendium.
427 3243 558 3293 &omnihus
574 3243 659 3287 decrerit
680 3244 826 3289 tonationis:
850 3245 929 3306 pudeat

58 3306 196 3364 concupiscere
201 3303 314 3362 finieram
322 3307 395 3363 ,cuius
405 3321 478 3351 mmm
484 3305 595 3366 ,rufi-epiris
605 3307 732 3364 consularis,
743 3321 766 3351 ur
778 3308 879 3352 sr'cemr's
891 3304 926 3366 ess.

59 3367 84 3412 N
88 3379 117 3413 or
126 3377 250 3430 tantopere
259 3364 406 3431 perversione
416 3367 501 3417 borum
512 3366 635 3415 verborum
648 3370 670 3415 dr
683 3366 776 3416 desesiu
786 3369 859 3417 etiarn
870 3383 929 3416 con·

55 3425 146 3477 turbari
157 3427 247 3487 sumus,
262 3440 288 3480 ut
298 3429 356 3495 quid
365 3427 534 3505 dieamuqnon
544 3427 665 3479 succurrn.
700 3434 777 3490 siser.
857 3493 875 3525 ω
900 3478 918 3493 ,.

561 3516 572 3525 ⁷
801 3507 839 3551 74¹
853 3508 929 3554 «um
