2296 3900
143 123 454 193 neren-nn
497 128 795 197 tls-rencone.
857 124 944 211 1879

61 234 168 293 mium:
186 234 264 313 quod
284 236 406 295 demiror
428 235 585 311 equidem:
604 234 650 291 sed
673 234 738 294 scire
764 238 848 313 cupio
862 281 871 309 ,
885 238 941 317 'qui
988 264 992 269 ·

60 310 174 371 fuerunt
185 313 246 371 alii:
267 330 438 391 quamquam
454 311 514 370 satis
534 312 590 369 scio
607 353 616 379 ‚
634 312 682 369 nili
706 314 874 387 improbum·
886 316 939 375 ire*

59 389 177 448 minem.
196 391 374 465 nexplanabis
392 391 475 465 igitur
495 390 551 467 hoc
570 386 734 465 diligentius.
773 406 828 465 ego
840 403 963 469 eutemq
978 408 1091 473 exprom-

59 463 122 521 casu
138 464 203 525 edm
220 465 353 525 dedissem
365 467 399 524 ud
413 479 442 524 te
456 466 558 523 litteras
574 470 614 521 vr:
639 466 748 523 kalend.
769 466 829 525 satis
845 468 936 528 multis
946 469 1041 527 bireta.

60 542 168 611 verbis,
187 542 272 600 tribus
287 546 346 601 fere
359 544 434 601 horis
446 542 505 617 post
517 542 613 615 accepi
626 550 703 611 tuas,
722 544 752 601 &
767 544 860 618 magni
875 546 936 621 qui-

34 626 38 633 '
63 614 129 675 dem
144 620 284 694 ponderis.
303 622 396 697 itaque
410 621 491 696 rjoca
507 631 552 677 tua
565 619 646 694 plena
660 618 842 691 facetiarum,
862 620 955 681 7⁶det
971 627 1089 691 locaelii.

343 736 347 743 .
550 706 554 717 '
803 700 810 713 ⁸
877 698 936 757 hae.

58 872 135 928 vrfin.
170 878 279 923 Iteradum
289 877 359 923 eadem
371 876 490 936 mamili,
505 875 553 927 hoc
563 876 616 935 est,
632 887 711 941 repete
728 877 806 939 quaeso
821 878 847 927 &
863 874 937 927 rursus

59 935 119 992 dic,
137 952 188 999 qua:
205 940 299 989 dixisti:
328 939 378 989 sunt
394 942 459 988 enim
476 940 551 1000 talia,
572 955 597 989 ut
612 942 652 990 vix
669 939 762 988 credam
782 955 823 988 me
839 936 936 992 audisse.

59 1002 177 1048 Eotmula
188 1002 295 1052 dicendi.
307 1017 354 1065 qua
370 1003 494 1051 utebantur
512 1005 536 1052 in
552 1004 620 1053 rebus
631 1017 674 1052 nec
691 1005 793 1067 opinatis
812 1018 842 1051 ex
859 1006 938 1071 Iliona

60 1065 248 1184 {npiiocietn
265 1067 339 1117 Atad.
354 1084 393 1125 27.
410 1064 441 1115 stc
452 1071 598 1116 memoradum
608 1072 621 1126 ,'
645 1069 718 1117 Pleut.
732 1076 799 1117 foen.
815 1082 855 1123 tv,
865 1084 888 1124 2,
899 1085 938 1128 44.

83 1163 89 1173 .
118 1162 122 1171 ·
154 1145 226 1179 ronov.

96 1198 133 1242 76.
153 1197 187 1238 De
200 1194 269 1253 herese
286 1193 393 1251 l'esterina
407 1194 433 1244 (θ’
444 1196 469 1240 de
481 1196 559 1241 Phario
571 1200 676 1253 numme}
703 1191 772 1241 Bofio
785 1189 843 1240 teste
855 1190 941 1255 depm·

60 1252 181 1304 variffime
198 1256 270 1321 vulgd
286 1257 387 1321 legitur*
410 1259 435 1302 de
450 1261 582 1304 Phare'onum
599 1270 661 1304 mere
674 1252 807 1307 Puteolano,
824 1260 889 1317 quod
903 1268 942 1304 ta·

61 1328 121 1364 men
137 1317 244 1381 sequutus
254 1318 287 1368 est
299 1321 397 1383 Junine3
412 1335 475 1383 pto,
492 1322 517 1367 de
533 1324 613 1369 Pierio
628 1337 713 1367 nuntme
729 1338 751 1367 re
768 1320 896 1376 Peucolao,
912 1330 939 1369 ut

61 1394 93 1428 ex
106 1386 234 1432 Deeuecaro
246 1384 318 1433 edidit
331 1382 418 1433 Bosius.
434 1386 515 1432 clerte
547 1386 613 1447 Lege
635 1399 690 1432 eum
711 1383 798 1432 editis:
828 1389 863 1430 De
879 1384 940 1429 Phe·

61 1449 147 1497 eiectum
157 1450 342 1495 merePuteelane.
360 1447 502 1495 Pharionum
511 1448 620 1511 intellige
630 1449 666 1495 vel
677 1447 833 1496 emendorum
845 1447 869 1494 δι
881 1460 941 1495 ven·

60 1505 209 1561 dendorum.
226 1512 262 1558 vel
275 1509 471 1574 appetendorum.
488 1509 546 1558 lnde
559 1514 624 1560 enim
634 1512 713 1571 iocum
765 1512 823 1558 ierat
834 1510 939 1567 Atticus.

63 1575 122 1621 Sunt
136 1586 214 1620 autem
225 1575 336 1621 Fationes
351 1589 425 1636 genus
437 1573 541 1637 piscium.
558 1572 646 1623 Auson.
665 1576 711 1623 Mo
721 1576 782 1622 ella:

202 1641 281 1699 Totque
296 1642 352 1683 inter
362 1638 440 1699 species
455 1640 594 1699 neutrumque
611 1639 637 1689 da
654 1652 769 1701 utrumque

202 1700 253 1760 Qt'
268 1718 304 1747 nee
317 1702 370 1745 dum
386 1702 472 1755 Serme,
488 1718 523 1747 nec
533 1716 584 1759 pem
599 1702 679 1757 Salar,
694 1704 845 1766 emerguntque

205 1763 331 1809 amtorem
344 1764 413 1807 medie
427 1766 492 1808 Faria
509 1767 617 1825 intercepte
628 1765 669 1823 sub
683 1782 734 1815 aue,

13 1830 19 1839 '
62 1822 228 1888 J.F.Gronov.
247 1824 418 1889 applauderem
428 1823 482 1873 sane
494 1826 547 1873 hnic
558 1824 753 1889 explanationis}
764 1828 940 1877 Fert'evell’be·

62 1892 98 1935 rio
112 1889 180 1961 pilcis
190 1886 247 1937 esser
257 1889 362 1936 marinus
372 1890 398 1936 dr
411 1891 482 1935 Latio
493 1901 571 1937 notus.
603 1887 647 1936 Sed
658 1904 711 1937 curn
722 1892 784 1952 apud
796 1893 937 1940 Puteolanos

62 1953 177 1999 Fanones
187 1952 287 2001 inveniti
298 1964 372 1999 nemo
383 1963 489 1999 veterum
501 1950 597 2003 scribae,
613 1964 671 2014 puto
688 1949 761 2000 etiam
777 1968 839 2000 nunc
857 1968 939 2002 veram

63 2014 134 2071 hujus
145 2014 386 2065 lociautsententiam
395 2012 654 2078 autscripturamlarere
670 2016 938 2065 Sitamen&mihilieet

63 2077 90 2125 in
105 2094 129 2125 re
140 2077 236 2127 obscura
250 2080 351 2143 capillos
367 2080 518 2141 promittere,
533 2077 623 2125 arielor
635 2079 740 2126 Atticum
755 2075 833 2127 lusisse
843 2079 869 2127 in
880 2092 940 2127 voce

63 2144 204 2196 Puseolenus,
211 2145 237 2191 δι
246 2157 301 2191 cum
315 2145 380 2192 MSS.
388 2154 473 2189 omnen
484 2140 586 2189 habeant
597 2144 732 2199 Piericam,
743 2157 792 2189 non
800 2146 940 2199 Femineum,

62 2201 173 2267 scripsisse
185 2207 341 2254 Ciceronem:
356 2211 392 2251 De
400 2207 470 2264 herest
481 2205 615 2261 Veserim,
632 2204 658 2256 dr
670 2206 696 2251 de
708 2205 874 2264 Vesterienerum
884 2212 942 2252 mede

65 2271 191 2317 Puteolano.
206 2269 252 2317 hoc
262 2269 312 2325 eil,
329 2270 359 2316 de
369 2268 558 2324 foeneratorum,
574 2266 651 2330 qualis
662 2267 694 2316 esi
713 2267 844 2323 Vestorius,
861 2270 941 2332 impu·

13 2344 20 2355 ·
65 2330 147 2379 dentia
163 2334 188 2379 in
204 2333 329 2396 querenda
344 2333 441 2395 pecnnia
459 2335 484 2382 δι
500 2333 591 2387 lucro,
618 2344 666 2394 qna
686 2329 737 2379 sunt
761 2330 939 2390 foeneratores,

66 2396 108 2457 qui
122 2394 153 2442 ad
162 2397 239 2457 puteal
252 2395 378 2444 versantur.
410 2398 488 2443 Pereat
498 2396 564 2444 enim
577 2393 751 2443 soeneratomm
760 2396 841 2444 locum
852 2399 939 2443 Romae

67 2456 136 2507 fuisse
147 2472 220 2505 nemo
230 2460 311 2520 paullo
323 2459 449 2506 humanior
459 2461 562 2523 ignorat.
596 2458 659 2506 Hine
670 2457 783 2506 Ovidius:

203 2524 253 2579 ‚Qui
265 2524 338 2583 puteas
347 2523 469 2584 Jenemqae
478 2528 539 2570 timet
558 2522 671 2585 celeresque
681 2522 800 2581 Kelendae.

66 2591 99 2635 Ee
111 2585 198 2632 Cicero
208 2598 251 2647 pro
262 2586 342 2633 Sextio
355 2601 362 2632 t
377 2588 464 2631 Puteeie'
474 2587 500 2638 (y
509 2585 664 2643 frentanorum
671 2584 767 2647 gregibus
781 2584 877 2643 defletus.
899 2580 940 2633 Ad

67 2649 115 2699 hoc
127 2651 204 2693 Puteal
219 2647 301 2696 alludit
317 2647 470 2710 ambiguitate
486 2650 550 2696 vocis
567 2648 715 2696 Puteolanus.
748 2651 814 2696 Nam
829 2660 882 2693 enm
894 2648 940 2696 Ci-

66 2725 122 2759 eero
133 2706 250 2772 scriplisser
259 2726 296 2774 ep.
304 2724 338 2759 ta.
356 2710 423 2768 liuius
432 2711 499 2767 libri,
512 2710 535 2759 se
550 2709 610 2771 apud
624 2709 769 2766 Vestorium,
779 2710 820 2773 qui
831 2712 941 2759 foenera·

68 2788 108 2823 tor
120 2774 261 2821 Puteolanus
270 2783 333 2829 erat,
349 2770 494 2830 accubuisti,
514 2770 627 2835 rescripsit
643 2776 735 2822 Atticus
751 2775 832 2831 jocans
843 2776 869 2821 de
880 2790 938 2831 mere

65 2839 182 2885 Puteolano
195 2837 368 2893 Vestorienorum.
401 2835 448 2883 hoc
460 2836 506 2890 eil,
521 2836 552 2884 de
561 2835 708 2899 impudentia
724 2852 773 2884 uon
789 2849 883 2884 tantum
896 2840 939 2883 l’u-

65 2900 159 2950 teolani
170 2899 280 2952 vesturii,
297 2897 335 2946 sed
347 2900 455 2946 omnium
470 2899 658 2955 soeneratorum,
667 2901 708 2962 qui
719 2899 749 2947 ad
761 2901 840 2964 puteal
856 2899 939 2946 soenus

65 2977 186 3013 exercent.
204 2966 255 3011 Cic.
264 2976 300 3010 rx.
318 2961 348 3008 nd
359 2966 450 3011 Fame
466 2972 501 3011 .t.
519 2963 579 3022 Nosti
589 2979 610 3008 es
624 2965 670 3021 des
684 2964 853 3023 adolescentioris
863 2963 940 3007 erede·

64 3033 123 3075 mie.
141 3028 253 3075 Graevius.
287 3025 416 3087 Indignum
432 2976 466 3073 ed
482 3027 515 3074 ita
529 3025 615 3075 haerere
627 3026 690 3073 vitos
702 3024 787 3072 clodos
802 3024 828 3071 in
844 3037 869 3071 re
883 3022 939 3073 satie

65 3089 200 3140 manifesta.
233 3095 312 3153 Quum
324 3090 390 3136 enim
400 3088 449 3137 sere
459 3087 608 3136 consentiant
619 3084 661 3135 tibi
673 3102 763 3136 veteres
778 3085 831 3134 libri
846 3087 870 3135 in
886 3086 940 3135 vul.-

65 3168 125 3220 gato
136 3155 180 3202 illo
197 3157 344 3207 Plerienme,
361 3152 438 3214 quid?
453 3150 494 3199 nisi
509 3152 613 3199 clamant
625 3150 672 3261 lepi
687 3164 797 3214 oportere
812 3153 940 3199 Pheraeum

64 3219 252 3267 velPhetriorem
266 3217 473 3271 minurientem,
494 3229 596 3278 quornm
613 3215 651 3260 col
663 3215 715 3279 egio
736 3217 762 3263 δι
782 3228 823 3279 pet
838 3228 939 3265 ornnem

65 3283 227 3344 Campaniam
244 3283 269 3329 dr
285 3276 387 3328 Puteolis
399 3278 492 3331 suerunt
503 3275 703 3389 celebp’atiffima‚
749 3278 868 3338 hodieque
883 3292 938 3326 mo·

66 3345 187 3393 numentie
197 3344 293 3395 testata,
310 3357 412 3407 quotum
422 3357 496 3391 unum
507 3356 536 3390 er
548 3356 574 3391 nr
591 3354 604 3389 e
619 3342 724 3405 Neapoli
734 3341 767 3390 esi
778 3340 840 3405 apud
851 3344 939 3391 Grute-

65 3422 121 3461 rum
131 3416 186 3466 418,
196 3416 219 3455 6.
236 3415 257 3455 C.
270 3411 381 3456 Herbacie.
398 3410 467 3454 Maec.
483 3412 588 3473 Romarm
599 3406 632 3454 de.
649 3408 709 3456 Mar.
717 3442 750 3457 ...
769 3420 804 3455 11.
816 3408 866 3453 vire
877 3408 938 3453 el...

64 3473 137 3523 Licin
148 3470 218 3535 queste
230 3487 268 3523 cer
277 3471 350 3532 sacre.
362 3486 436 3537 petae.
457 3487 502 3519 cer.
513 3469 635 3583 ppdpirpee
653 3484 744 3538 compar.
755 3470 787 3543 st.
797 3472 862 3524 vivo.
876 3468 941 3540 fecie

484 3540 507 3582 D
619 3550 635 3595 ⁴
897 3544 945 3594 qm·
