2296 3900
70 88 339 227 ‘'Errcr.
378 147 454 203 nr>
495 128 793 205 Arctoum.
862 125 944 218 1833·

57 255 199 339 populum
212 266 281 307 veto
302 243 491 321 praeclarum,
511 238 590 316 qubd
611 255 724 316 propter
743 241 849 301 malum
870 243 941 309 rici·

58 348 133 391 num
152 372 161 399 ,
178 338 253 386 arne
273 320 411 384 uiuortae
431 317 547 395 quidem
562 314 709 391 sploditut.
747 318 844 377 Brutus
866 316 963 394 apudf
973 325 1056 403 plaud,

58 425 111 467 me
130 408 203 464 suit:
238 402 284 460 cui
306 397 421 475 quidem
443 394 524 452 valde
545 394 692 468 placebat,
712 412 760 453 me
782 395 884 472 aliquid
904 396 939 456 ad
949 393 1001 442 alli.
1050 412 1053 417 ·
1079 440 1084 447 ,

58 482 211 541 Caesarem.
249 490 426 547 annueratp;
447 481 475 525 95
485 470 530 528 sed
544 487 679 545 pompam
694 471 809 533 videret.
836 472 886 531 Tu
899 484 941 531 ta.
1000 474 1003 479 ·
1083 476 1086 483 ·

55 577 131 619 men
156 556 232 616 ausus
260 570 289 612 es
309 548 431 611 Varroni
451 547 516 608 date
538 544 554 617 ?.
578 547 706 622 erct'pedlo
733 546 802 623 quid
826 548 942 685 judicpt„

65 666 71 673 ·
427 648 431 654 “
630 659 633 663 ·
827 642 942 701 quattu

63 766 75 817 ὅ
94 773 183 831 notitae
204 770 248 821 aar
271 771 361 821 adtraat
380 767 496 829 dodrdrut
517 766 642 829 arpatndaic
665 767 705 819 'inl
727 767 772 819 nde
790 772 945 829 Bprrratt'daa

61 836 131 888 trinae
153 833 221 893 μἰτιῖ
242 838 322 895 χιλίων
338 832 426 886 onorat
446 829 504 888 aptit
527 828 618 882 uicinae
634 828 786 885 arie'na'ntrar
802 837 942 894 outtnripttro

61 897 92 949 dr
108 895 288 953 ainaeieopra'd
306 895 359 943 rdet
379 893 543 955 droerarrpoir
565 891 633 955 soor?
653 893 674 944 ir
706 894 742 956 eq?
764 896 812 955 a'rrpi
828 896 868 948 τῆς
885 896 941 945 ll‘oe'.

59 959 140 1021 noluo
166 959 283 1009 montaniae
305 954 480 1018 ἀνῃρέμματι
503 961 514 1003 ὁ
543 958 574 1018 τῇ
601 959 690 1015 πατρίᾳ
718 958 779 1011 riddo
805 960 941 1017 qlpromr

60 1021 132 1083 φανῇ.
150 1023 226 1071 Vilior.
260 1028 338 1081 cura]
352 1023 380 1067 L.
393 1023 475 1068 Cotta.
492 1034 573 1083 epto.
590 1017 630 1067 lib.
638 1033 688 1068 ιιι.
706 1020 786 1067 telM.
799 1023 882 1085 Cotta.
900 1032 942 1097 ep'.

63 1098 104 1141 17.
123 1082 219 1134 libau.
236 1084 255 1131 is
266 1085 344 1141 enim,
360 1083 400 1145 qui
413 1082 508 1130 casatis
518 1082 563 1130 fuir
582 1082 690 1144 legatus,
708 1081 788 1129 multis
805 1097 861 1132 ante
871 1098 940 1135 annas

60 1147 93 1195 ab
106 1148 253 1197 Eburonibus
263 1146 339 1195 fuerat
350 1144 495 1194 interfectus.
512 1143 569 1194 Cas.
584 1145 625 1193 lib.
633 1159 669 1193 vt.
686 1143 716 1191 de
726 1146 775 1195 Bel.
787 1147 842 1195 Gal.
854 1149 944 1200 &Livl

62 1209 107 1258 lib.
117 1225 170 1258 cvr.
188 1224 281 1260 tantum
292 1208 369 1265 abest,
384 1203 455 1256 utde
465 1222 495 1256 eo
507 1207 563 1257 scire
572 1210 675 1271 potuerit
688 1210 789 1258 Atticus.
812 1211 837 1258 δι
848 1209 940 1262 videtur

64 1270 164 1329 dixille,
180 1271 235 1322 scite
245 1271 275 1321 de
282 1277 369 1328 Cotta,
385 1271 433 1319 hoc
444 1270 490 1327 esi,
506 1275 620 1326 aCotta,
636 1284 661 1318 ut
672 1285 755 1335 ep.17‚
771 1269 871 1320 libata.
888 1289 939 1323 non

64 1349 146 1385 aurern
156 1335 186 1385 de
195 1336 328 1395 sententia,
350 1347 423 1399 quam
439 1339 465 1385 L.
483 1337 559 1382 Cotta
573 1333 676 1383 dicturus
690 1333 766 1383 fuerat
784 1333 814 1382 de
828 1334 940 1385 faciendo

64 1413 121 1464 rege
132 1398 234 1458 cesare,
250 1401 291 1460 qui
307 1398 415 1447 nondum
425 1411 454 1445 ert
466 1396 578 1462 Hispania
587 1395 699 1453 redierat,
709 1411 745 1461 ep.
754 1415 792 1456 43·
809 1397 832 1447 h.
841 1398 856 1447 l.
864 1413 940 1459 quum

65 1474 148 1511 tamen
164 1468 224 1512 Suet.
240 1461 323 1512 scribat
340 1476 393 1511 eam
409 1458 478 1510 fuiffe
492 1459 596 1509 caussam
612 1461 738 1517 conjuratis
749 1461 890 1513 maturandi.
907 1464 941 1516 al.

62 1525 239 1575 rora.··Cor'rad
274 1524 312 1573 Vel
326 1528 351 1572 dr
371 1530 450 1582 Corra]
480 1522 659 1573 increbrescere
675 1522 779 1580 famam,
796 1528 825 1573 L:
837 1528 940 1583 βοιιιιιι

65 1587 282 1653 quindecimvimm
306 1586 421 1638 sacrorum
434 1587 545 1649 proximo
555 1588 636 1635 senatu
651 1585 791 1635 sententiam
807 1587 938 1646 diuorum,

64 1666 90 1702 ut
125 1654 224 1700 uoniam
235 1650 300 1700 libris
309 1650 420 1701 fatalibus
437 1652 585 1699 contineatur
603 1650 699 1698 Parthos
715 1648 757 1707 nili
776 1664 791 1698 a
812 1666 867 1715 rege
886 1667 938 1702 non

63 1667 133 1781 posse
144 1716 220 1771 vinci,
237 1712 312 1761 Caesar
321 1728 361 1780 tex
372 1712 492 1777 apelletur.
525 1715 648 1762 Suetonius
663 1711 771 1770 ibidem,
793 1713 824 1763 de
839 1715 943 1773 Divina·

63 1781 142 1829 tione.
160 1790 192 1831 11.
228 1782 314 1831 tomo.
561 1778 564 1783 ’

69 1832 72 1837 ’
94 1859 136 1903 94
153 1847 185 1889 Νι
198 1789 396 1903 υἰὶἔιξιῑαηαίάειη
408 1837 541 1901 placidina]
573 1840 664 1886 omnes
684 1838 830 1901 antiquiores
845 1840 940 1892 codices

64 1908 163 1953 villaria
179 1905 266 1968 quidam
280 1903 399 1966 ploditrlrt
415 1914 476 1964 quos
486 1899 589 1950 deserere
606 1902 678 1949 nolui.
712 1901 759 1949 scio
773 1903 882 1965 equidem
893 1905 940 1954 do·

65 1968 195 2017 stiffimum
205 1969 282 2016 vitum
293 1963 405 2015 Budautn
415 1977 533 2027 receptam
544 1963 675 2013 leuiorem
690 1963 806 2026 probare,
823 1970 848 2015 le
864 1970 940 2017 Gtaeci

63 2030 181 2081 lermonis
196 2028 311 2093 exemplo
325 2026 488 2085 confirmare,
510 2038 554 2083 ut,
582 2028 681 2075 victoria
702 2026 838 2089 plauditur,
859 2030 884 2077 id
904 2030 939 2079 est

62 2093 146 2159 plausu
155 2095 285 2158 excipitur,
301 2092 461 2155 intelligatur:
478 2088 683 2161 quemadmodum
699 2091 761 2152 apud
778 2091 833 2139 illoc
848 2093 885 2141 ιδ’
896 2094 943 2139 loi-

63 2175 91 2217 ιιι
100 2155 235 2217 afuerim.
251 2158 316 2205 cum
327 2158 411 2203 tam'en
425 2152 482 2203 alibi
496 2151 511 2201 l
526 2153 643 2201 Cicerone
658 2152 705 2200 hoc
720 2152 816 2202 v'etbum
833 2152 865 2202 lic
877 2151 942 2204 usur·

58 2232 147 2283 patum
165 2234 215 2267 non
229 2217 361 2268 invenerim
367 2226 380 2275 ¹,
396 2219 421 2266 δι
438 2212 527 2265 ve'teres
542 2214 636 2263 codices
651 2214 798 2272 reclament,
815 2212 940 2281 an'tiquanr

57 2285 145 2346 potius
155 2282 282 2331 lectionem
293 2281 381 2330 secutus
391 2277 449 2329 sum.
482 2278 553 2340 Quod
571 2293 650 2327 autem
668 2278 796 2341 (ploditut)
812 2280 836 2327 in
851 2294 880 2328 ea
893 2296 940 2345 pto

60 2344 210 2410 (plauditur)
225 2344 397 2408 scriptumest,
413 2357 463 2391 non
480 2343 595 2391 mendant
612 2339 659 2390 esse
673 2356 749 2406 puto:
766 2358 821 2391 nam
833 2344 866 2391 ita
876 2360 940 2408 quo-

56 2424 114 2473 que
127 2409 186 2471 legit
197 2414 277 2456 Acron
286 2408 312 2455 in
321 2404 386 2456 versu
397 2407 440 2454 illo
451 2408 557 2463 Horatii,
569 2408 615 2454 eolo
621 2407 740 2465 suburbano
751 2411 791 2469 qur·
796 2408 858 2465 streis
871 2413 941 2456 orauit

55 2477 85 2521 in
98 2476 188 2518 hortis:
204 2467 343 2533 subditque,
359 2472 419 2526 eolo,
435 2472 471 2517 hoc
486 2469 514 2528 est
530 2472 608 2524 caule,
630 2483 653 2513 ut
663 2472 738 2525 clodo,
752 2471 888 2530 proeliando,
900 2473 941 2529 so·

57 2541 120 2586 vices
139 2546 178 2597 pro
188 2534 301 2594 sacrior,
317 2533 368 2580 coda
384 2545 421 2593 pro
434 2534 509 2581 cauda.
543 2532 603 2579 vide
612 2532 683 2594 igitur
693 2533 718 2579 in
730 2544 789 2594 quot
803 2530 940 2581 nominibus

59 2617 94 2646 au
111 2593 228 2646 transierit
238 2596 263 2643 in
276 2614 307 2645 o.-
327 2608 352 2643 ut
363 2594 426 2644 idem
438 2608 535 2657 quoque
552 2592 639 2642 in-hoo
655 2594 727 2650 verbo
743 2590 942 2658 quandoque'fa·

60 2663 132 2711 &um
143 2656 190 2708 effe
200 2657 370 2708 mirumvideti
382 2673 433 2706 nott
449 2656 541 2715 debeat.
573 2657 638 2720 Quin
656 2660 681 2705 δι
700 2656 741 2706 lib.
753 2672 775 2706 v.
792 2657 875 2705 hatum
890 2659 942 2721 epi·

62 2724 181 2774 {totarum
203 2722 342 2785 (loreolam)
360 2722 385 2769 in
407 2720 491 2769 iisdem
511 2719 631 2768 codicibus
645 2717 754 2782 scriptum
770 2719 802 2769 est
819 2735 848 2769 eo
865 2720 940 2768 loco:

62 2794 92 2836 In
102 2789 175 2835 rodem
186 2792 279 2834 ,Amano
290 2788 351 2846 coquit
360 2786 460 2831 loreolam
475 2787 499 2831 t‘n
513 2783 614 2843 mustaceo
629 2794 738 2847 quarere:
756 2799 779 2830 ar
791 2786 829 2831 ulo
840 2788 943 2831 coltortena

61 2855 162 2916 primam
172 2862 239 2896 totam
246 2848 349 2911 perdidit.
382 2847 473 2895 Vistor.

71 2964 75 2969 ,
99 2929 138 2970 95·
155 2915 199 2960 Sed
208 2925 306 2975 pompam
315 2910 418 2966 nidmu}
432 2909 525 2972 opinor
535 2908 582 2957 hoc
591 2909 711 2972 intelligia
734 2912 792 2957 Non
804 2908 895 2958 videtur
911 2908 942 2958 ad

65 2990 123 3027 eum
134 2975 182 3025 esse
194 2973 356 3028 scribendum,
371 2973 412 3035 qui
421 2973 470 3030 jam
480 2972 572 3021 colatur
581 2985 607 3019 ut
625 2978 701 3026 Deus,
719 2970 774 3021 ctt'm
790 2973 814 3020 in
830 2973 944 3020 sollemni

66 3054 160 3105 pompa
169 3041 230 3088 inter
240 3039 339 3088 deorum
350 3034 436 3083 ilatum
447 3037 498 3096 ejus
506 3048 603 3098 quoque
613 3033 688 3083 statua
699 3033 806 3097 gestetur.
829 3033 945 3099 quidquid

67 3105 135 3153 enim
152 3100 262 3166 scripsero
283 3097 392 3150 fastidiet.
424 3102 454 3147 ln
475 3095 577 3145 eandem
592 3095 734 3145 sententiam
750 3094 837 3161 scriplit
851 3114 890 3161 ep.
906 3106 945 3150 ιι.

68 3168 181 3233 Quidam
198 3165 294 3227 inquit,
309 3166 364 3209 hunc
378 3163 404 3207 de
416 3172 492 3224 pompa
507 3162 604 3219 Quirini
620 3161 784 3208 contubernalem
808 3162 843 3206 lrir
863 3161 941 3217 nostris

69 3232 185 3277 moderatis
199 3228 291 3290 epistolis
306 3229 427 3273 locaturum
440 3230 522 3288 putas?
539 3221 579 3272 Est
590 3235 668 3271 autem
681 3223 784 3281 antiquis
795 3221 944 3286 scriptoribus

69 3290 154 3340 usitata
164 3292 268 3340 locutio:
284 3302 310 3337 ut
320 3287 381 3353 apud
392 3287 455 3336 hunc
463 3284 539 3350 ipsum
550 3285 591 3334 lib.
601 3300 646 3335 111.
663 3285 693 3333 de
705 3284 808 3334 officiis:
825 3289 888 3333 Malo
902 3295 946 3336 ca·

66 3359 100 3402 rio
113 3387 121 3409 ,
142 3371 189 3402 oum
201 3354 294 3415 eauffam
306 3353 506 3414 Transpadanorum
517 3365 598 3412 aquam
608 3349 645 3408 effe
660 3350 761 3413 dr'cedatq
774 3350 855 3411 [anper
870 3363 945 3398 aaran

67 3417 172 3474 addebat,
187 3420 261 3465 Vineae
270 3419 365 3464 utilitas.
379 3417 451 3479 potius
461 3416 553 3468 diceret,
569 3429 609 3459 non
621 3411 762 3472 effractam,
777 3416 881 3477 quianon
895 3414 944 3475 effre

65 3481 272 3543 uilosnt'pnlliu,
287 3481 334 3536 do.
350 3492 396 3545 pto
405 3477 483 3531 dicere
492 3474 599 3525 debebat.
615 3478 642 3525 ue
653 3475 717 3541 dibi.¹
743 3480 771 3545 Ρ,
781 3478 871 3527 mnne
922 3518 926 3523 .

74 3574 105 3593 c.
131 3582 135 3587 .
179 3546 182 3553 '
412 3598 415 3603 ,
444 3554 447 3559 ’
480 3547 629 3597 odaaaaas
835 3538 968 3595 §uve--

1000 3682 1011 3707 1
1042 3714 1046 3723 ι
