2296 3900
176 128 761 214 brurnsteuuooe
850 146 938 219 πως

53 241 241 329 busingenii.
279 245 376 304 multae
396 241 516 306 ¹¹tamen
537 233 607 306 artic.
645 246 698 305 Sed
732 246 797 306 clim
824 245 956 306 reperisti
971 263 1039 306 rante

59 326 84 372 5¹
94 335 188 405 uirum
202 329 231 377 te
246 322 368 395 putabo,
389 321 538 382 stSallusiii
553 322 742 399 Empedoclea
756 323 986 403 legeristho·<l⁰‘
995 319 1039 368 ω

61 410 169 454 minem
185 411 245 456 oon
258 398 370 472 putabo.
409 397 490 457 Vale.

320 531 681 605 ururouarm

228 684 438 749 ‘Morcus
464 691 503 767 Q.
529 652 714 751 FRATRI
742 689 768 751 s,
807 693 810 699 ’

68 840 181 952 GAu
190 859 210 901 o
220 859 263 899 to
284 842 332 901 tibi
344 841 478 918 jucundas
491 839 543 901 elle
558 859 632 900 meas
646 843 763 903 litteras:
776 858 829 902 nec
841 855 936 902 tamen

135 913 286 976 habuissem
306 917 437 978 scribendi
459 936 533 976 nunc
553 919 666 994 quidem
689 921 774 977 ullum
790 937 936 994 argumen-

66 1007 146 1063 tum,
166 995 215 1053 nili
228 1008 287 1052 tuas
307 992 477 1069 accepissem.
516 1012 581 1053 nam
604 995 670 1069 prid.
683 995 728 1054 id.
750 994 814 1070 cirm
830 997 936 1071 Appius

66 1064 192 1131 senatum
209 1071 427 1146 ¹infrequentem
449 1072 502 1128 cod
523 1067 603 1138 isset,
636 1083 743 1129 tantum
770 1072 821 1129 fuit
834 1073 950 1146 frigus.i
965 1078 1027 1144 freq-

66 1160 98 1206 ut
112 1147 209 1222 populi
223 1147 353 1205 convicio
367 1144 479 1204 coactus
501 1161 523 1204 rt
537 1164 588 1204 nos
602 1145 748 1204 dimittere.
768 1147 834 1204 Det
845 1152 930 1204 Com·
944 1145 1016 1219 Mb·

69 1240 194 1299 mageno
216 1237 280 1297 rege
298 1220 375 1298 quod
396 1221 470 1304 ¹rem
491 1234 579 1280 totam
601 1219 770 1281 discusseram
787 1265 796 1292 ‚
815 1204 956 1303 *mirificek
969 1207 1014 1296 ,⁴²¹⁸
1035 1208 1039 1252 ³

68 1300 140 1364 milri
162 1297 306 1373 &perse
332 1299 362 1356 &
383 1315 430 1373 per
461 1298 649 1372 Pomponium
669 1298 803 1357 blanditur
817 1300 933 1376 Appius.
942 1281 1039 1380 22²⁶&

68 1375 157 1434 Videt
171 1375 264 1443 enim,
284 1373 340 1431 hoc
353 1391 453 1448 genere
467 1372 576 1452 dicendi
590 1373 610 1432 fi
625 1388 684 1433 utar
699 1376 726 1433 in
742 1376 838 1433 ceteris
853 1418 862 1444 ‚
882 1377 933 1431 Fe·
943 1405 1039 1442 macene

69 1451 209 1518 bruttium
231 1449 347 1508 sterilem
362 1449 509 1509 futurum:
530 1468 651 1526 eumque
669 1449 718 1510 lusi
733 1450 830 1526 jocos:
849 1451 907 1510 satis
928 1457 1039 1528 :llatirtr

72 1543 165 1603 neque
184 1523 270 1585 sollum
291 1524 358 1584 illud
378 1526 479 1586 extorsi
497 1527 685 1602 oppidulum,
704 1527 852 1602 quoderat
866 1514 1025 1602 pos-‘Mcufi

49 1675 52 1682 ,
71 1613 135 1663 tum
152 1603 216 1662 uin
229 1601 368 1676 Euphrate
382 1603 412 1662 δι
430 1602 606 1679 Zeugmate:
625 1603 671 1662 sed
691 1617 823 1679 praetereu
842 1615 938 1737 togsam

323 1714 324 1717 =
890 1696 940 1738 um

77 1829 144 1881 obus
153 1825 191 1880 sut
203 1831 316 1895 podmatu
326 1825 448 1897 scripsisse,
463 1831 483 1883 is
493 1829 695 1944 iudiciumtohuioti
707 1829 867 1896 reprehendar.
883 1818 942 1881 nam

78 1889 183 1958 suspicari
195 1891 334 1958 possumus,
349 1909 403 1943 curn
419 1904 468 1958 quo
482 1895 557 1944 modo
574 1910 605 1958 po
665 1908 719 1942 cum
735 1907 826 1943 tucarur
837 1897 860 1942 δι
875 1906 943 1941 ornet

79 1960 118 2007 Μ.
130 1957 235 2014 Cicero,
252 1973 301 2006 tion
314 1957 383 2006 valde
399 1954 451 2020 (ersi
462 1957 567 2006 videatur
577 1956 636 2006 illud
651 1955 806 2018 confinitate)¹
818 1955 894 2005 fratris
910 1956 946 2016 ju·

75 2017 140 2068 dicio
150 2018 180 2069 de
191 2020 235 2067 bac
245 2035 269 2070 rc
278 2018 376 2069 stetisse:
393 2018 492 2069 noluisse
502 2033 583 2069 tamen
591 2017 706 2069 iracundo
716 2021 808 2067 bomini
818 2017 944 2066 adversari:

78 2084 120 2146 qui
131 2079 245 2140 sortasse,
261 2083 326 2147 qubd
338 2080 385 2148 ipse
401 2097 503 2147 quoque
515 2081 591 2132 versus
606 2081 737 2139 scribebat,
758 2080 845 2130 invidia
865 2095 946 2129 motus

78 2159 161 2194 verum
181 2160 231 2194 nou
242 2145 359 2212 ‘videbare
379 2147 457 2210 potuit
472 2159 553 2194 tameo
567 2144 598 2194 fic
615 2146 734 2202 iudicare,
751 2141 815 2206 quod
826 2143 946 2192 Lucretius

79 2208 171 2272 poema
188 2205 252 2257 suum
269 2225 318 2257 oon
335 2209 475 2265 conterruit,
496 2221 522 2256 ut
540 2208 661 2271 ingenium
678 2210 728 2266 ejus
746 2207 880 2262 elucescat,
907 2202 947 2254 sed

80 2269 240 2378 mipnentltffd’
250 2269 350 2334 Epicuro
360 2271 472 2321 traditam
488 2270 580 2319 summa
596 2268 706 2319 industria
722 2272 748 2320 dt
758 2267 857 2319 artificio
868 2269 947 2333 capli-

79 2343 152 2380 caurt.
204 2350 212 2378 r
233 2349 263 2382 or.

113 2408 151 2450 st·
172 2397 246 2441 Virum
257 2397 357 2459 reputata
367 2398 424 2456 dra]
439 2395 466 2447 td
477 2396 524 2455 eil,
540 2396 629 2446 sortem
645 2397 669 2446 δι
680 2395 824 2459 patientem,
839 2395 864 2444 δι
876 2393 947 2442 malie

79 2455 210 2512 insistunt,
221 2456 342 2518 fiprrucrr‘s
349 2459 420 2516 fem,
435 2460 459 2509 id
470 2461 517 2516 est,
533 2461 648 2525 patienter
658 2461 737 2522 legere
746 2458 784 2505 seu
805 2456 946 2506 audiremur

80 2517 208 2571 indoctum
218 2521 307 2592 po‘c'ma
318 2524 496 2595 pbominemam
505 2526 579 2585 putabo
590 2540 599 2579 3
616 2519 703 2576 idest,
723 2519 811 2584 putabo
827 2533 852 2568 re
866 2519 947 2567 omitit

80 2580 237 2630 humanitatis
247 2594 382 2646 expertem,
397 2582 653 2641 ferumrtmmanem,
675 2583 713 2631 seu
728 2581 802 2632 scustu
817 2594 946 2645 expertem.

80 2647 183 2693 Lumir'n.
216 2649 329 2693 Humorem
343 2663 383 2692 non
396 2648 500 2707 purum]
526 2651 596 2694 iortc
606 2643 722 2709 scripserat
733 2644 848 2708 Qioeim
862 2641 948 2692 reditu·

80 2722 133 2756 tum
144 2705 166 2756 se
175 2705 221 2755 elle
232 2709 257 2756 in
268 2707 363 2763 urbem,
373 2722 428 2756 eum
436 2705 527 2772 legisset
538 2723 579 2764 ea,
596 2723 646 2772 quae
657 2705 944 2769 Sallustiussrmpcdocleo

80 2783 151 2818 more
161 2768 262 2818 versibus
277 2770 423 2821 traderetur.
454 2785 508 2819 eam
523 2773 633 2819 motandi
650 2767 743 2819 eausam
765 2767 948 2819 M.Cicetode·

81 2830 212 2898 prehendit.
247 2833 344 2888 virum,
358 2833 448 2895 inquit,
463 2845 488 2882 re
499 2832 603 2896 putabo,
619 2848 673 2881 cum
686 2832 794 2881 verteris:
815 2827 947 2880 sisailustii

79 2894 244 2959 Empedoclea
261 2895 345 2959 legeris
365 2894 490 2944 bominem
502 2911 552 2945 nort
564 2895 660 2959 putabo.
694 2894 779 2943 Laudis
790 2896 855 2942 enini
866 2892 898 2941 est
910 2893 949 2941 vi-

78 2973 135 3008 tum
146 2959 243 3014 vocarit
265 2957 389 3007 hominem
408 2973 457 3006 oon
473 2959 539 3008 item.
554 2960 609 3022 quia
626 2993 634 3015 ‚
651 2959 676 3006 in
694 2959 776 3020 quibus
794 2957 868 3006 etiam
887 2955 948 3004 nihil

81 3022 180 3078 lauder,
197 3020 306 3070 homines
316 3033 398 3069 tamen
409 3019 477 3076 surrr3
494 3023 534 3084 qui
546 3020 602 3070 verb
611 3019 787 3068 delrominibus
806 3015 859 3081 ipfir
869 3018 949 3067 excel·

80 3084 147 3141 lunt,
163 3085 227 3133 vitos
237 3099 291 3134 cum
302 3082 372 3131 laude
382 3085 542 3132 nominamus.
575 3085 655 3145 iraque
670 3085 695 3131 in
711 3088 801 3138 Bruto,
820 3082 871 3126 Vidi
884 3114 893 3137 ,
907 3081 948 3130 iu·

81 3148 149 3209 quit,
164 3149 278 3206 Mitylenis
294 3150 385 3201 virum,
400 3148 427 3199 dt·
442 3148 495 3193 vidi
507 3148 570 3208 plane
586 3148 669 3194 virum.
686 3147 711 3193 δι
724 3145 753 3193 ad
766 3151 816 3194 Art.
828 3141 942 3205 epist.15.

79 3209 122 3259 lib.
133 3223 156 3258 v.
173 3213 295 3266 Oor'rum,
312 3211 418 3265 Μίνωι,
440 3211 576 3256 Memmium.
598 3211 622 3256 δι
635 3207 695 3271 apud
706 3208 841 3256 Terentium
856 3207 882 3254 in
892 3210 943 3256 He·

79 3286 148 3336 cyra:
163 3276 198 3319 ru
206 3276 281 3319 virum
292 3289 337 3324 me,
352 3285 390 3318 aur
401 3273 506 3318 huminem
517 3273 603 3332 deputer
612 3273 663 3317 adea
674 3271 733 3329 effe?
751 3276 773 3320 Ρ.
780 3273 873 3318 Manut.

115 3350 151 3389 52.
169 3341 195 3381 ln
206 3338 311 3396 Euphrate
325 3335 351 3386 dr
367 3339 501 3396 Zeugmate]
532 3335 578 3383 l’atl.
591 3348 625 3397 pr.
643 3336 667 3381 in
681 3335 787 3397 Euphrate
801 3334 827 3385 dr
843 3344 947 3394 rugmate.

81 3397 207 3459 quomodo
224 3400 268 3447 sec.
279 3400 305 3448 δι
322 3407 375 3447 terr.
393 3395 437 3447 nist
448 3396 514 3461 quod
533 3395 605 3446 ambo
620 3399 723 3459 eruginare.
739 3397 820 3446 tertius
837 3408 946 3457 preterea

80 3461 196 3524 Euphrati.
207 3473 230 3512 at
242 3459 276 3512 est
287 3460 313 3511 itt
323 3471 425 3525 quarto,
439 3462 464 3510 r'rr
472 3462 579 3526 Euphrati
588 3463 711 3524 zeugmarr.
726 3458 881 3514 tremulus
894 3455 950 3571 vug-

76 3566 79 3571 ·
167 3556 171 3563 ’
944 3555 951 3578 r
