2296 3900
170 114 377 197 Error.
419 128 491 179 nn
535 112 955 192 Arrrcuu.r793

59 222 251 280 retentionem
274 220 400 297 aurigae,
426 218 545 280 similem
566 221 634 279 facit
659 208 774 291 fdn'oxp.
811 217 1063 297 inhibitioflaeoplv

60 308 160 354 autem
181 298 317 372 remigum
343 296 371 349 ὃς
381 309 493 356 motum
518 297 623 366 habet,
650 298 680 354 &
699 295 1063 355 vehementioremss'rmtr·

61 373 183 447 quidem
202 375 413 447 remigationis,
434 392 536 432 narem
556 374 744 431 convertentis
763 371 798 429 ad
816 361 1042 446 puppimrw‘ll·

62 448 143 505 vides
161 490 169 517 ,
189 464 295 525 quanto
322 450 377 507 boc
397 449 551 525 diligentibs
576 466 697 517 cutem,
723 446 809 523 quum
836 459 884 505 aut
903 434 1005 505 dem·

65 538 181 583 rumore
202 567 210 594 ‚
231 540 278 583 aut
303 525 338 583 de
365 528 512 585 Pollione:
540 526 575 584 de
601 525 684 584 Pansa
704 529 813 593 etiam,
833 524 853 581 li
871 522 941 599 quid

66 601 167 659 certius
184 600 318 675 (8⁶credo
333 604 414 660 enim·
423 603 512 677 palam
528 601 632 660 fuctum
648 598 720 661 eliel
749 600 784 658 de
799 600 941 671 Critonio,

68 674 88 732 fi
104 678 173 751 quid
187 674 269 735 effer:
288 690 401 736 certene
415 680 450 735 de
466 679 583 737 Metello
599 681 628 736 ὅ(
642 677 765 737 Balbino⁸
792 676 836 734 dic
852 676 938 745 inihi,
1005 718 1011 732 .

68 752 195 825 placetne
209 754 256 811 tibi
271 755 390 827 primum
406 756 488 812 edere
501 751 600 831 injussu
615 773 682 812 mco
697 754 709 811 ἓ
729 756 784 811 hoc
807 770 843 811 ne
864 753 940 810 Her-

70 830 204 886 modorus
218 832 329 905 quidem
346 832 478 899 faciebat,
498 833 519 888 is
540 833 587 905 qui
610 831 728 888 Platonis
749 830 829 887 libros
848 828 941 887 solitus

69 904 106 960 eli
122 905 261 980 divulgare
269 928 278 971 ;
300 924 334 962 cx
349 924 425 981 quo,
440 905 467 955 8⁷
478 911 591 977 λόγοισιν
605 903 764 975 Βρμάδωρος·
783 902 941 981 quidilludt

67 980 214 1038 rectumne
226 982 360 1039 existimas
373 982 401 1024 ⁸⁸
410 987 538 1059 cuiquam
553 998 631 1052 anre,
653 983 737 1058 quium
759 981 844 1039 Bruto
860 979 872 1037 ἓ
893 980 939 1039 cui

69 1067 98 1114 te
120 1056 233 1117 auctore
247 1062 401 1132 nrmpuror
421 1059 520 1135 scripsit
540 1064 616 1119 enim
633 1060 729 1118 bulbus
743 1059 778 1117 ud
798 1076 863 1126 me,
876 1054 937 1191 sete

920 1149 937 1191 e

66 1314 147 1351 autem
157 1301 190 1351 est
201 1304 225 1352 id
235 1304 353 1368 proprium
365 1319 455 1353 nomen
467 1319 497 1354 ex
507 1302 630 1369 proverbio
638 1305 735 1366 ripum
744 1303 882 1362 E'ppo‘lup&
892 1300 936 1357 ἰμ-

65 1368 196 1420 πομύιται,
208 1381 257 1432 quo
267 1371 337 1439 paulo
349 1368 400 1432 pbst
412 1371 498 1417 Cicero
507 1369 595 1425 uritur,
612 1371 737 1433 inepteque
746 1367 770 1414 iu
782 1369 844 1415 bunc
854 1367 934 1415 locum

65 1429 216 1479 translatum.
233 1430 273 1494 ipsi
285 1445 314 1479 er
324 1431 407 1480 iisdem
419 1431 537 1480 codicibus
543 1433 637 1489 similem
649 1433 721 1491 ficii,
736 1433 810 1493 irrupi
822 1464 829 1485 ,
846 1424 935 1490 scripsi-

65 1492 414 1558 mus,intelligimusqrre‚cum
427 1496 516 1558 planius
526 1498 643 1557 explicare
653 1496 723 1544 vellet
730 1491 864 1541 Carneades
875 1487 934 1553 quid

63 1554 122 1601 eller
134 1556 220 1616 ἑποχῐι,
233 1555 321 1621 semper
336 1556 431 1605 solitum
447 1558 493 1606 else
507 1558 709 1608 limllitudirre·nrir
727 1557 835 1613 ,foluile
850 1557 875 1601 511
891 1568 935 1615 Ρῑῑ·

63 1616 161 1683 gile,&
173 1620 309 1667 retentionis
319 1635 435 1682 equorum
447 1622 472 1668 in
482 1622 561 1684 curiga
572 1634 624 1668 eam
636 1620 753 1670 declarare
764 1620 789 1665 ut
802 1630 885 1665 notam
897 1616 934 1665 fe·

62 1692 126 1728 cere.
161 1679 254 1728 liabent
265 1696 342 1729 aurem
353 1684 387 1730 brt
400 1682 530 1731 recitatum
542 1687 566 1732 δι
577 1683 728 1737 firmitatem,
744 1679 783 1728 sed
794 1682 932 1743 adrempur,

63 1756 92 1793 ut
104 1741 265 1800 majorevi&
275 1745 364 1808 impetu
374 1745 412 1791 bic
424 1746 448 1792 in
459 1744 613 1794 adversarium
624 1746 736 1794 inseratur
748 1759 755 1789 ι
769 1744 810 1791 ille
821 1758 878 1790 ueto
888 1742 933 1791 de·

61 1817 93 1855 to
105 1802 320 1870 fignoprorumpur
332 1808 393 1855 &in
402 1805 490 1855 curlirm
501 1822 575 1868 equos
586 1810 695 1856 conciret.
729 1804 792 1867 Quid
808 1818 887 1853 autem
902 1804 932 1853 sit

64 1868 166 1923 προβολὴ
176 1867 205 1914 ab
220 1868 313 1917 erudito
328 1872 380 1918 niro
394 1869 480 1917 Bndaeo
494 1872 543 1927 iam
560 1870 767 1931 explicitumst,
781 1870 822 1929 qui
833 1882 934 1917 omnem

64 1932 116 1979 rim
127 1932 153 1978 ἃ
161 1943 269 1980 naturam
280 1933 347 1991 buius
359 1933 464 1980 nominis
475 1932 598 1995 diligenter
609 1932 728 1993 exposuit:
746 1945 839 1977 necnon
851 1931 932 1981 locum

64 1994 139 2042 etium
151 1992 213 2042 hunc
224 1997 346 2044 Ciceronis
357 1994 466 2050 adduxit,
483 1999 506 2044 dc
518 1996 628 2057 quicquid
641 1995 671 2042 de
681 2009 711 2041 eo
721 1992 812 2041 sentiret
824 1992 894 2041 dott‘e
906 1998 933 2044 dt

64 2054 168 2119 ingenue
182 2060 352 2119 pronunciavit.
370 2061 443 2122 aperit
457 2072 537 2107 eutem
550 2073 598 2104 non
611 2072 691 2120 patum
702 2057 769 2111 liuius
784 2056 832 2102 loci
842 2052 934 2102 senten·

63 2120 139 2173 tiam,
153 2120 195 2180 qui
204 2120 354 2171 obscurascit
365 2123 390 2171 dt
401 2122 538 2172 eruditionis
548 2123 644 2185 plenus,
660 2120 703 2168 illa
719 2119 782 2167 illitu
798 2114 876 2165 diserti
891 2117 935 2168 riti

62 2181 200 2231 declaratio.
234 2188 311 2234 Victor.

96 2250 134 2300 ¹5·
151 2248 235 2293 Morum
245 2250 324 2303 babet,
340 2247 366 2298 θ’
381 2249 557 2294 vehementiorem
572 2247 658 2308 quidem
670 2279 677 2302 ‚
691 2243 835 2303 rernr'patirm'r
854 2260 941 2301 navem,

61 2312 203 2355 convertentis
214 2310 242 2356 ad
250 2314 356 2375 puppim]
385 2310 499 2359 inhibitio
514 2312 631 2374 remigum
647 2325 696 2356 non
712 2307 768 2355 fistir
780 2305 885 2354 laborem
896 2322 935 2355 re·

61 2369 188 2433 irrigandi,
204 2368 242 2420 sed
253 2386 329 2421 mutat
342 2376 367 2422 ἀ
378 2374 479 2432 incitat,
502 2387 527 2422 ur
543 2372 618 2422 subito
633 2386 671 2421 eat
686 2369 767 2420 cessim
789 2374 814 2421 δι
832 2370 857 2417 in
872 2384 933 2435 pup-

62 2435 116 2499 pim
128 2433 246 2495 procedat.
279 2436 303 2494 J.
311 2440 336 2484 f.
344 2439 439 2485 Gronov.

98 2504 136 2544 86.
154 2497 215 2543 credo
225 2502 282 2545 eninr
293 2500 350 2557 dre]
363 2501 460 2549 Utinam
472 2499 546 2546 Attici
561 2496 672 2561 epistolae
687 2495 717 2544 ad
732 2497 875 2545 Ciceronem
889 2497 934 2546 ha·

62 2558 173 2609 beremru
183 2558 256 2621 quim
267 2561 343 2609 multe
354 2573 460 2625 paterent
472 2595 479 2617 ‚
495 2576 546 2623 quae
558 2576 638 2615 nunc,
655 2573 780 2623 tamquam
791 2561 815 2605 in
830 2559 934 2609 tenebris

63 2621 166 2678 abdita,
183 2636 234 2671 non
244 2623 357 2673 ridemur.
374 2624 411 2671 bic
422 2636 499 2679 certe,
515 2623 571 2688 quid
590 2623 620 2672 de
639 2621 711 2671 l'ansrr
729 2623 827 2684 negotio
842 2621 935 2686 signiti-

65 2692 156 2794 ‘aff'
182 2682 200 2733 ti
219 2687 316 2751 quirent
337 2687 433 2752 ingenio
451 2688 508 2736 velit
525 2700 644 2751 qua-rere,
665 2684 748 2734 frustra
768 2683 797 2735 fit
821 2684 931 2750 diligens.

65 2755 95 2799 Ρ.
131 2759 190 2798 mur.

96 2819 134 2866 ⁸7.
153 2821 255 2872 myrteo
266 2809 430 2869 Ettritum}
443 2818 564 2876 lntegmm
581 2809 729 2874 proverbium
741 2808 831 2858 senario
842 2809 933 2859 claudi—

60 2886 108 2925 tur.
142 2877 221 2921 Servat
232 2875 256 2921 in
269 2872 315 2920 hoe
325 2888 417 2922 morem
426 2873 490 2923 suum
502 2876 600 2923 Cicero:
618 2888 708 2937 partem
720 2874 785 2921 enim
800 2870 930 2936 supprimit.

63 2937 183 3001 originem
194 2935 398 3001 significatamque
409 2938 457 2996 eius
469 2936 548 2985 suidas
557 2938 662 3001 exponit.
684 2936 814 2997 Simplicius
826 2937 849 2982 in
861 2951 931 2984 com·

62 2999 187 3049 mentatio
202 3001 227 3047 in
248 3001 349 3063 primurn
369 2996 516 3060 Phylicorum
533 3012 610 3048 narrat
622 3000 812 3054 Hermodorum,
827 2999 933 3047 Platonis

64 3062 188 3119 sodalem,
197 3060 284 3111 librum
294 3061 316 3110 sc
329 3064 335 3109 i
353 3058 403 3109 fisse
418 3061 448 3110 de
458 3063 557 3111 decretis
570 3062 651 3125 ipsius:
668 3061 706 3109 ubi
724 3064 779 3110 ritm
790 3060 877 3108 multas
887 3066 936 3119 ejus

64 3127 204 3191 opiniones,
221 3139 272 3173 tum
282 3127 323 3188 qui
351 3122 381 3172 de
392 3128 490 3173 materia
501 3124 612 3178 senserit,
629 3125 767 3187 euplicrritr
793 3124 840 3172 hoc
855 3138 935 3174 aurem

63 3186 157 3237 tradere
167 3187 344 3251 Dercyllidem‚
360 3187 402 3251 qui
413 3192 438 3236 dt
450 3187 498 3252 ipse
507 3188 582 3235 multa
594 3188 717 3235 volumina
728 3186 759 3235 de
769 3188 873 3236 Plutonis
881 3188 937 3253 phi·

64 3249 174 3314 losopbia
184 3250 289 3303 ediderit.
326 3254 402 3300 Vilior.

97 3322 134 3362 tt.
152 3319 255 3374 cuiqnam
265 3328 328 3372 rnre,
343 3316 411 3377 quam
421 3318 509 3370 Brutu]
532 3313 629 3365 visioni
642 3311 751 3361 codicum
767 3310 877 3377 scripture
886 3313 936 3363 lrec

65 3374 108 3426 est.
125 3377 188 3439 prior
198 3377 246 3427 lrec
255 3392 318 3433 emt,
332 3383 448 3441 quicqum
459 3382 537 3434 urum
556 3373 825 3443 vulgartnmchrbenr,
834 3382 938 3443 cuiqam

66 3440 189 3507 quidquam
199 3456 312 3508 antequam
323 3444 397 3493 Birrrr.
428 3441 514 3492 Cleric.

483 3508 568 3565 sym
855 3509 894 3559 tn
908 3504 947 3581 Νὴ
1034 3491 1103 3656 ,Ι
