2296 3900
158 148 357 212 Error.
397 158 471 207 nn
512 127 815 229 hrrrcorr,
857 137 943 230 ¹⁶77
1036 204 1042 218 ,

49 260 262 344 poffimjuvari.
302 252 456 317 consolatio
478 253 553 315 certe
575 256 649 316 nulla
670 255 732 326 cll,
754 273 820 335 quae
839 257 934 320 levare

49 338 136 418 poffit
149 337 280 397 dolorem
294 351 403 393 meum.
441 331 509 392 nihil
524 332 562 391 est
577 335 653 394 enim
668 335 843 394 contratrum
863 335 935 397 casu.

51 434 124 477 nam
136 414 165 474 id
178 410 245 472 esset
267 410 423 470 serendum·
460 407 507 469 sed
529 413 627 471 omnia
647 411 765 471 fecimus
785 413 816 471 iis
837 413 937 473 errori·

53 492 107 554 bus
132 493 162 550 δι
184 489 298 549 miseriis
320 486 450 546 &animi
464 488 494 546 &
508 489 649 580 corporis,
689 488 935 564 uibusraproximi

53 571 164 629 utinam
185 565 294 625 mederi
315 559 493 634 maluissent,
520 582 607 641 quam
635 506 770 624 tolerer
799 569 963 642 quoniamst
978 574 1090 640 obrem}

55 663 150 724 neque
165 643 271 703 consilii
284 644 342 710 tui,
362 657 455 719 neque
476 641 672 701 consolationis
691 644 855 720 cujusquam
876 645 934 720 spes
946 653 1023 703 ‘1¹¹⁰ss-

55 723 111 783 ulla
125 722 195 781 mihi
213 718 388 787 ostenditur,
416 735 475 777 non
497 734 621 796 quaeram
642 719 705 777 haec
725 719 740 778 i
763 732 791 779 te
813 704 1018 796 postmom-

57 808 204 858 errantum
220 797 323 865 velim,
343 813 380 855 ne
392 796 572 856 intermittas:
593 795 688 854 scribas
702 796 737 856 ad
763 814 833 865 me,
854 798 935 876 quid·

78 876 128 935 uid
144 876 239 933 veniet
251 872 300 932 tibi
314 874 343 932 in
358 883 502 942 mentem,
523 871 588 931 cbm
604 872 731 943 habebis,
752 875 798 932 cui
811 874 884 944 des,
904 876 935 935 δι

57 894 128 1012 Eum
145 952 213 1020 erit,
231 949 266 1008 ad
280 966 367 1026 quem
381 948 443 1008 des:
464 949 542 1026 quod
556 952 673 1025 longum
688 968 746 1010 non
762 952 819 1009 erit.
850 951 934 1011 Illum

58 1024 215 1088 ¹discesl'rffe
229 1023 402 1085 Alexandrei
426 1045 522 1085 rumor
548 1027 656 1085 estnon
671 1026 766 1085 firmus
781 1070 790 1097 ,
809 1040 886 1086 ortus
899 1032 956 1089 exl
972 1032 1061 1089 exere:

60 1105 176 1180 Sulpicii
188 1104 297 1163 litterist
318 1101 422 1180 ⁷⁶quas
435 1102 558 1163 mernor
573 1103 667 1179 postea
681 1106 771 1163 nuntii
785 1104 933 1164 confirma·
945 1098 997 1147 “f‘'-

57 1194 139 1242 runt:
161 1178 238 1259 quod
261 1197 360 1239 verum
387 1198 423 1239 an
437 1180 534 1239 susum
549 1180 604 1250 fit,
624 1183 759 1257 quoniam
784 1199 847 1240 mea
867 1175 972 1270 nihilnj
987 1170 1072 1271 m

59 1258 187 1330 interest,
208 1269 300 1317 utrum
324 1256 420 1316 malim
448 1258 572 1316 ”nescio
611 1256 701 1332 Quod
720 1257 756 1317 ad
775 1271 803 1316 te
820 1242 1028 1334 jampri-ss‘ffi,
1060 1255 1080 1293 ⁸·

62 1335 129 1397 dem
145 1335 180 1395 de
194 1334 361 1394 testamento
375 1333 518 1410 77scripfi;
539 1333 612 1411 apud
632 1333 738 1401 elimam
757 1334 814 1394 illas
836 1337 937 1406 velim3
949 1349 1024 1403 MSS.

711 1454 718 1493 ,
912 1427 943 1474 ut

95 1568 135 1610 74·
152 1526 272 1611 Proximi]
285 1555 366 1602 Frater
384 1552 518 1614 Quinshus,
533 1566 595 1601 uxor
613 1551 726 1602 Terentia
744 1586 752 1609 ‚
769 1567 843 1617 gener
860 1554 941 1606 Dola·

60 1611 136 1664 bella.
169 1615 369 1676 Quinshusfilium
379 1615 491 1672 miserat,
520 1617 561 1679 qui
580 1630 635 1665 eum
651 1614 712 1681 apud
735 1614 852 1666 Caesarem
871 1634 941 1667 accu-
992 1672 997 1681 ,

60 1676 146 1733 saret3
181 1677 311 1740 odiumque
329 1678 501 1728 acerbissimum
521 1682 546 1728 δι
564 1678 666 1727 nocendi
687 1680 838 1730 voluntatem
860 1683 940 1732 osten-

61 1739 140 1788 derat.
192 1741 303 1788 Terentia
334 1740 458 1790 facultates
487 1741 666 1804 consumpserat.
711 1741 840 1792 Dolabella
866 1744 943 1795 tribu·

64 1816 154 1851 natum
170 1800 279 1867 improbe
293 1802 394 1866 gerebat.
428 1804 458 1852 de
473 1804 577 1864 Quinbto
594 1803 656 1867 episi.
669 1813 692 1862 e,
704 1822 742 1861 ro,
756 1822 791 1864 ις,
805 1817 841 1864 ro,
852 1823 940 1865 21,22.

62 1865 96 1914 de
107 1871 203 1914 Terent.
216 1865 281 1928 epist.
294 1881 330 1922 r7.
343 1869 369 1915 δι
380 1882 417 1925 24·
440 1869 464 1915 δι
481 1867 565 1916 Famis.
582 1866 647 1930 episi.
661 1883 694 1926 14.
717 1868 759 1920 lib.
773 1885 807 1919 rr.
836 1870 865 1918 de
885 1876 940 1921 Do·

61 1928 153 1980 labella
172 1928 339 1992 epist.12,r4,
353 1944 388 1984 15.
409 1931 488 1987 &aa
521 1931 546 1978 bc
562 1930 611 1977 Dio
626 1928 687 1978 libro
702 1945 771 1980 rrnrr.
805 1933 940 1985 Plutarchus

63 1992 139 2042 etiam
150 1991 174 2039 in
188 1990 285 2043 casare.
309 1992 386 2040 uerte
396 1993 467 2056 igitur
477 1990 551 2048 dicit,
568 1992 691 2055 proximos
710 2008 798 2042 novum
816 1993 858 2044 fibi
868 1995 942 2046 dolo·

61 2069 118 2105 rern
129 2052 245 2112 attulisse,
261 2069 316 2113 curn
330 2068 409 2104 curare
419 2056 518 2120 pocius,
533 2066 650 2120 quantum
666 2055 690 2102 in
705 2054 760 2119 ipsrs
780 2053 855 2114 esset,
876 2073 943 2108 vete·

66 2133 120 2168 rem
139 2119 212 2168 animi
238 2116 401 2184 egritudinem
427 2117 547 2169 deberent.
578 2122 605 2167 P.
622 2120 709 2166 Minue
758 2124 882 2180 Proximi]
906 2130 942 2173 ln
995 2136 1000 2144 ¹

67 2181 129 2231 Ball.
142 2183 168 2231 &
178 2182 258 2231 Helm.
272 2181 311 2230 hic
321 2182 389 2231 locus
398 2179 430 2231 fic
441 2180 557 2231 scribitur:
573 2182 660 2247 Quibus
668 2184 765 2244 proximi
774 2187 858 2231 retinam
869 2187 942 2233 mede·

66 2244 233 2304 eimalurffenr,
248 2247 407 2308 quamebrem.
441 2247 554 2312 Quoniam
567 2260 632 2310 neque
646 2245 780 2304 eenfilr'itui.
803 2246 940 2313 Distingoer

65 2307 156 2368 Qilnes
163 2312 257 2366 proximi
268 2312 352 2356 retinam
360 2310 442 2356 mederi
450 2309 579 2370 maluissent,
602 2310 680 2371 Qum
695 2309 718 2354 os
733 2326 778 2356 rem
788 2314 888 2374 quoniam
902 2331 943 2359 ne·

66 2370 943 2489 tsrisistiirttmhslttlbt‘tl’ttttlsasstitit}

71 2494 106 2544 ita
116 2493 220 2544 absolute
231 2499 288 2562 poni
300 2512 349 2562 quo
376 2511 459 2546 tamen
468 2497 525 2561 saepe
536 2496 571 2548 sit.
603 2500 712 2547 Gravius.

101 2572 139 2614 ⁷5·
155 2563 249 2607 Tantum
258 2564 344 2617 velim,
359 2554 652 2624 minmortalibus,
668 2573 753 2609 rentum
769 2562 940 2627 velimmepri-

63 2619 148 2683 stiram
158 2624 195 2668 hoe
205 2623 296 2684 officium
307 2627 444 2672 intermittas.
478 2623 564 2672 Cleric.

100 2692 139 2736 76.
156 2687 220 2749 er
234 2689 304 2737 censi
315 2687 384 2750 pastea
400 2688 495 2744 nuncii]
524 2689 590 2736 MSS.
608 2701 663 2751 quer
677 2699 749 2734 eentee
762 2685 830 2747 pastea
845 2688 942 2737 uncis.-

69 2746 234 2810 Quamobrem
245 2750 306 2798 hanc
316 2749 425 2798 codicum
442 2762 549 2798 vetemm
564 2747 699 2814 scripturam
720 2747 850 2814 respuerem
868 2751 938 2801 causa

68 2810 138 2859 nulla
153 2808 201 2858 visa
211 2809 264 2867 est,
301 2810 407 2865 referrim
424 2826 478 2860 cum
493 2813 609 2876 vulgata,
624 2814 695 2860 censii
708 2817 782 2860 nuntii
787 2847 794 2868 ,
810 2812 839 2862 fit
850 2816 942 2878 inepta.

68 2874 172 2921 Lambin.
205 2827 300 2922 Balliofi
312 2872 366 2922 sane
375 2875 453 2924 firmat
464 2875 594 2924 restionem
605 2876 643 2923 vul
662 2889 726 2924 atam
737 2879 762 2925 ὃ(
773 2875 847 2927 editio
858 2878 944 2926 visto·

67 2935 143 3009 riana.
178 2939 230 3011 blec
241 2937 282 2985 illa
298 2935 393 2986 absurda
409 2937 464 3012 εὴ
481 2944 538 3012 Qun
548 2939 613 2986 enirn
629 2891 661 2985 a&
733 3002 738 3014 ⁸

67 3011 192 3111 binim
207 2997 945 3129 ,salitasitllsssi'itssttltsttsiluisti!

67 3123 111 3174 bus
122 3139 193 3172 euntes
203 3129 279 3174 nuncii
288 3127 380 3191 legitur.
413 3126 470 3186 Quis
481 3128 545 3174 enim
561 3124 592 3173 fic
607 3126 731 3189 loquitur?
748 3132 776 3175 ln
791 3129 857 3185 aliis,
873 3141 898 3178 ut
914 3130 943 3179 δι

68 3186 203 3237 Helrussad.
214 3187 249 3238 est
259 3195 331 3247 eunti,
347 3189 414 3252 quod
424 3190 520 3252 propius
536 3187 598 3237 abest
614 3203 628 3236 a
644 3203 708 3241 vero.
744 3189 800 3239 lnde
814 3205 871 3240 roro
885 3205 943 3241 nara

68 3248 113 3359 iga
122 3250 219 3327 absurda
229 3251 315 3311 leutio,
331 3268 402 3301 euntes
416 3256 510 3310 nuncii,
530 3266 603 3317 quarn
621 3254 708 3302 merito
725 3250 790 3303 dotti
804 3256 943 3317 reiecerunt.

95 3329 180 3364 misus,

104 3389 142 3430 77·
158 3377 314 3441 Scrr'pfirepad
324 3379 439 3443 epistolar]
469 3382 562 3428 Locum
578 3376 661 3428 misere
671 3378 823 3445 depravatum
835 3383 868 3434 ita
878 3397 949 3434 com·
1134 3394 1139 3403 ¹

69 3435 146 3487 mode
155 3439 241 3490 reslitui
251 3440 318 3506 posse
330 3440 479 3492 existimabat
492 3442 664 3508 Pantagathus,
680 3442 842 3509 filegereturt
859 3446 949 3510 Serapis.

65 3502 110 3551 adi
118 3501 149 3549 aas
159 3503 254 3569 pasturae
266 3538 275 3568 ,
289 3507 359 3560 veiim
368 3519 393 3560 iti
404 3505 497 3574 peffrrra,
510 3509 614 3570 adversari
622 3522 659 3573 ege
671 3511 736 3570 barjeu
750 3509 864 3573 miserim
876 3506 961 3621 aa&
1042 3470 1099 3656 ἐ

659 2938 755 2987 surditas
769 2940 866 2989 onustos
881 2955 944 2988 nun·
