<?xml version="1.0" encoding="UTF-8"?>
<!DOCTYPE html PUBLIC "-//W3C//DTD XHTML 1.0 Transitional//EN"
    "http://www.w3.org/TR/xhtml1/DTD/xhtml1-transitional.dtd">
<html xmlns="http://www.w3.org/1999/xhtml" xml:lang="en" lang="en">
 <head>
  <title>
</title>
<meta http-equiv="Content-Type" content="text/html;charset=utf-8" />
  <meta name='ocr-system' content='tesseract 3.04.00' />
  <meta name='ocr-capabilities' content='ocr_page ocr_carea ocr_par ocr_line ocrx_word'/>
</head>
<body>
  <div class='ocr_page' id='page_1' title='image "./marcitulliicice04pedigoog_0168.png"; bbox 0 0 2296 3900; ppageno 0'>
   <div class='ocr_carea' id='block_1_1' title="bbox 217 111 1003 224">
    <p class='ocr_par' dir='ltr' id='par_1_1' title="bbox 217 111 1003 224">
     <span class='ocr_line' id='line_1_1' title="bbox 217 111 1003 224; baseline -0.009 -19"><span class='ocrx_word' id='word_1_1' title='bbox 217 139 298 224; x_wconf 71' lang='lat'>1636</span> <span class='ocrx_word' id='word_1_2' title='bbox 346 111 1003 211; x_wconf 51' lang='lat' dir='ltr'>:oriza-ciunecmfua</span> 
     </span>
    </p>
   </div>
   <div class='ocr_carea' id='block_1_2' title="bbox 72 251 1148 2234">
    <p class='ocr_par' dir='ltr' id='par_1_2' title="bbox 72 251 1110 349">
     <span class='ocr_line' id='line_1_2' title="bbox 72 251 1110 349; baseline -0.01 -22"><span class='ocrx_word' id='word_1_3' title='bbox 72 267 267 349; x_wconf 55' lang='lat' dir='ltr'>[sistis-defitus</span> <span class='ocrx_word' id='word_1_4' title='bbox 281 273 318 315; x_wconf 85' lang='lat' dir='ltr'>es.</span> <span class='ocrx_word' id='word_1_5' title='bbox 336 256 452 315; x_wconf 73' lang='lat' dir='ltr'>Factum</span> <span class='ocrx_word' id='word_1_6' title='bbox 466 257 566 333; x_wconf 85' lang='lat' dir='ltr'>igitur,</span> <span class='ocrx_word' id='word_1_7' title='bbox 585 268 617 317; x_wconf 88' lang='lat' dir='ltr'>ut</span> <span class='ocrx_word' id='word_1_8' title='bbox 629 256 743 327; x_wconf 91' lang='lat' dir='ltr'>scribis,</span> <span class='ocrx_word' id='word_1_9' title='bbox 763 256 839 316; x_wconf 75' lang='lat' dir='ltr'>riuis</span> <span class='ocrx_word' id='word_1_10' title='bbox 859 251 1110 333; x_wconf 78' lang='lat' dir='ltr'>placere‚·iisder&#39;r&#39;·</span> 
     </span>
    </p>

    <p class='ocr_par' dir='ltr' id='par_1_3' title="bbox 73 331 1104 410">
     <span class='ocr_line' id='line_1_3' title="bbox 73 331 1104 410; baseline -0.001 -18"><span class='ocrx_word' id='word_1_11' title='bbox 73 354 99 384; x_wconf 81' lang='lat' dir='ltr'>m</span> <span class='ocrx_word' id='word_1_12' title='bbox 109 335 172 407; x_wconf 31' lang='lat' dir='ltr'><em>MS..</em></span> <span class='ocrx_word' id='word_1_13' title='bbox 195 378 209 384; x_wconf 17' lang='grc' dir='ltr'>Α.</span> <span class='ocrx_word' id='word_1_14' title='bbox 225 332 279 392; x_wconf 82' lang='lat' dir='ltr'>istis</span> <span class='ocrx_word' id='word_1_15' title='bbox 291 332 431 392; x_wconf 72' lang='lat' dir='ltr'>lidioribus</span> <span class='ocrx_word' id='word_1_16' title='bbox 445 350 492 392; x_wconf 90' lang='lat' dir='ltr'>me</span> <span class='ocrx_word' id='word_1_17' title='bbox 505 335 568 402; x_wconf 87' lang='lat' dir='ltr'>uti:</span> <span class='ocrx_word' id='word_1_18' title='bbox 589 335 668 410; x_wconf 87' lang='lat' dir='ltr'>quod</span> <span class='ocrx_word' id='word_1_19' title='bbox 681 331 841 392; x_wconf 89' lang='lat' dir='ltr'>concessum</span> <span class='ocrx_word' id='word_1_20' title='bbox 856 335 964 394; x_wconf 69' lang='lat' dir='ltr'>:Sestio</span> <span class='ocrx_word' id='word_1_21' title='bbox 985 334 1035 402; x_wconf 87' lang='lat' dir='ltr'>fir;</span> <span class='ocrx_word' id='word_1_22' title='bbox 1057 333 1104 392; x_wconf 89' lang='lat' dir='ltr'>cui·</span> 
     </span>
    </p>

    <p class='ocr_par' dir='ltr' id='par_1_4' title="bbox 74 401 1103 486">
     <span class='ocr_line' id='line_1_4' title="bbox 74 401 1103 486; baseline 0.001 -18"><span class='ocrx_word' id='word_1_23' title='bbox 74 413 91 460; x_wconf 80' lang='lat' dir='ltr'>‘l</span> <span class='ocrx_word' id='word_1_24' title='bbox 110 401 192 446; x_wconf 71' lang='lat' dir='ltr'>sextio</span> <span class='ocrx_word' id='word_1_25' title='bbox 228 428 289 469; x_wconf 90' lang='lat' dir='ltr'>rron</span> <span class='ocrx_word' id='word_1_26' title='bbox 303 422 372 486; x_wconf 89' lang='lat' dir='ltr'>puro</span> <span class='ocrx_word' id='word_1_27' title='bbox 386 410 447 469; x_wconf 85' lang='lat' dir='ltr'>suos</span> <span class='ocrx_word' id='word_1_28' title='bbox 462 407 516 468; x_wconf 87' lang='lat' dir='ltr'>else</span> <span class='ocrx_word' id='word_1_29' title='bbox 529 407 691 481; x_wconf 86' lang='lat' dir='ltr'>concessos,</span> <span class='ocrx_word' id='word_1_30' title='bbox 710 409 756 469; x_wconf 90' lang='lat' dir='ltr'>sed</span> <span class='ocrx_word' id='word_1_31' title='bbox 768 411 802 467; x_wconf 84' lang='lat' dir='ltr'>ab</span> <span class='ocrx_word' id='word_1_32' title='bbox 815 409 875 486; x_wconf 91' lang='lat' dir='ltr'>ipso</span> <span class='ocrx_word' id='word_1_33' title='bbox 891 411 982 471; x_wconf 83' lang='lat' dir='ltr'>datos.¹</span> <span class='ocrx_word' id='word_1_34' title='bbox 1018 410 1103 470; x_wconf 85' lang='lat' dir='ltr'>audio¹</span> 
     </span>
    </p>

    <p class='ocr_par' dir='ltr' id='par_1_5' title="bbox 74 462 1107 565">
     <span class='ocr_line' id='line_1_5' title="bbox 74 462 1107 565; baseline 0 -20"><span class='ocrx_word' id='word_1_35' title='bbox 74 462 128 514; x_wconf 79' lang='lat' dir='ltr'>MS.</span> <span class='ocrx_word' id='word_1_36' title='bbox 228 488 304 545; x_wconf 87' lang='lat' dir='ltr'>enim</span> <span class='ocrx_word' id='word_1_37' title='bbox 326 504 392 544; x_wconf 92' lang='lat' dir='ltr'>eum</span> <span class='ocrx_word' id='word_1_38' title='bbox 415 505 447 545; x_wconf 87' lang='lat' dir='ltr'>ea</span> <span class='ocrx_word' id='word_1_39' title='bbox 467 486 718 547; x_wconf 73' lang='lat' dir='ltr'>senatusconsulta</span> <span class='ocrx_word' id='word_1_40' title='bbox 739 488 894 562; x_wconf 89' lang='lat' dir='ltr'>improbare</span> <span class='ocrx_word' id='word_1_41' title='bbox 915 531 923 558; x_wconf 94' lang='lat'>,</span> <span class='ocrx_word' id='word_1_42' title='bbox 957 485 1107 565; x_wconf 80' lang='lat' dir='ltr'>quae&#39;posl·</span> 
     </span>
    </p>

    <p class='ocr_par' dir='ltr' id='par_1_6' title="bbox 122 559 1102 641">
     <span class='ocr_line' id='line_1_6' title="bbox 122 559 1102 641; baseline 0 -19"><span class='ocrx_word' id='word_1_43' title='bbox 122 584 125 593; x_wconf 72' lang='lat'>¹</span> <span class='ocrx_word' id='word_1_44' title='bbox 227 559 369 622; x_wconf 82' lang='lat' dir='ltr'>discessum</span> <span class='ocrx_word' id='word_1_45' title='bbox 387 563 560 623; x_wconf 87' lang='lat' dir='ltr'>tribunorum</span> <span class='ocrx_word' id='word_1_46' title='bbox 576 562 732 623; x_wconf 70' lang='lat' dir='ltr'>factasunt.</span> <span class='ocrx_word' id='word_1_47' title='bbox 769 580 854 641; x_wconf 87' lang='lat' dir='ltr'>quare</span> <span class='ocrx_word' id='word_1_48' title='bbox 868 564 995 639; x_wconf 87' lang='lat' dir='ltr'>poterit,</span> <span class='ocrx_word' id='word_1_49' title='bbox 1016 562 1102 622; x_wconf 82' lang='lat' dir='ltr'>srvo-</span> 
     </span>
    </p>

    <p class='ocr_par' dir='ltr' id='par_1_7' title="bbox 141 638 1106 716">
     <span class='ocr_line' id='line_1_7' title="bbox 141 638 1106 716; baseline -0.001 -18"><span class='ocrx_word' id='word_1_50' title='bbox 141 674 144 679; x_wconf 94' lang='lat'><em>-</em></span> <span class='ocrx_word' id='word_1_51' title='bbox 226 639 266 698; x_wconf 85' lang='lat' dir='ltr'>let</span> <span class='ocrx_word' id='word_1_52' title='bbox 280 639 327 699; x_wconf 87' lang='lat' dir='ltr'>libi</span> <span class='ocrx_word' id='word_1_53' title='bbox 348 638 494 708; x_wconf 87' lang='lat' dir='ltr'>constare,</span> <span class='ocrx_word' id='word_1_54' title='bbox 515 638 621 700; x_wconf 87' lang='lat' dir='ltr'>nostros</span> <span class='ocrx_word' id='word_1_55' title='bbox 641 641 752 700; x_wconf 75' lang='lat' dir='ltr'>lictores</span> <span class='ocrx_word' id='word_1_56' title='bbox 773 641 965 715; x_wconf 87' lang='lat' dir='ltr'>comprobare.</span> <span class='ocrx_word' id='word_1_57' title='bbox 1005 657 1106 716; x_wconf 81' lang='lat' dir='ltr'>quam·-</span> 
     </span>
    </p>

    <p class='ocr_par' dir='ltr' id='par_1_8' title="bbox 227 715 1103 794">
     <span class='ocr_line' id='line_1_8' title="bbox 227 715 1103 794; baseline 0.001 -20"><span class='ocrx_word' id='word_1_58' title='bbox 227 734 313 792; x_wconf 89' lang='lat' dir='ltr'>quam</span> <span class='ocrx_word' id='word_1_59' title='bbox 327 717 395 792; x_wconf 88' lang='lat' dir='ltr'>quid</span> <span class='ocrx_word' id='word_1_60' title='bbox 409 733 463 790; x_wconf 77' lang='lat' dir='ltr'>ego</span> <span class='ocrx_word' id='word_1_61' title='bbox 477 717 514 775; x_wconf 89' lang='lat' dir='ltr'>de</span> <span class='ocrx_word' id='word_1_62' title='bbox 527 717 666 776; x_wconf 71' lang='lat' dir='ltr'>lictoribus</span> <span class='ocrx_word' id='word_1_63' title='bbox 680 747 691 788; x_wconf 67' lang='lat'>,‹</span> <span class='ocrx_word' id='word_1_64' title='bbox 709 718 758 794; x_wconf 91' lang='lat' dir='ltr'>qui</span> <span class='ocrx_word' id='word_1_65' title='bbox 772 733 855 792; x_wconf 85' lang='lat' dir='ltr'>paene</span> <span class='ocrx_word' id='word_1_66' title='bbox 869 735 903 776; x_wconf 87' lang='lat' dir='ltr'>ex</span> <span class='ocrx_word' id='word_1_67' title='bbox 927 717 1006 776; x_wconf 88' lang='lat' dir='ltr'>ltalia</span> <span class='ocrx_word' id='word_1_68' title='bbox 1022 715 1103 775; x_wconf 75' lang='lat' dir='ltr'>dece·</span> 
     </span>
    </p>

    <p class='ocr_par' dir='ltr' id='par_1_9' title="bbox 229 789 1102 870">
     <span class='ocr_line' id='line_1_9' title="bbox 229 789 1102 870; baseline 0.003 -20"><span class='ocrx_word' id='word_1_69' title='bbox 229 793 295 851; x_wconf 89' lang='lat' dir='ltr'>dere</span> <span class='ocrx_word' id='word_1_70' title='bbox 309 792 358 851; x_wconf 89' lang='lat' dir='ltr'>srm</span> <span class='ocrx_word' id='word_1_71' title='bbox 370 789 476 868; x_wconf 74' lang='lat' dir='ltr'>jussio?</span> <span class='ocrx_word' id='word_1_72' title='bbox 495 810 561 852; x_wconf 85' lang='lat' dir='ltr'>nam</span> <span class='ocrx_word' id='word_1_73' title='bbox 576 793 611 852; x_wconf 94' lang='lat' dir='ltr'>ad</span> <span class='ocrx_word' id='word_1_74' title='bbox 626 810 673 851; x_wconf 91' lang='lat' dir='ltr'>me</span> <span class='ocrx_word' id='word_1_75' title='bbox 686 792 758 857; x_wconf 73' lang='lat' dir='ltr'>misit</span> <span class='ocrx_word' id='word_1_76' title='bbox 772 792 913 852; x_wconf 86' lang='lat' dir='ltr'>Antonius</span> <span class='ocrx_word' id='word_1_77' title='bbox 940 792 1102 870; x_wconf 80' lang='lat' dir='ltr'>exemplum</span> 
     </span>
    </p>

    <p class='ocr_par' dir='ltr' id='par_1_10' title="bbox 230 866 1103 947">
     <span class='ocr_line' id='line_1_10' title="bbox 230 866 1103 947; baseline 0.003 -22"><span class='ocrx_word' id='word_1_78' title='bbox 230 869 342 927; x_wconf 83' lang='lat' dir='ltr'>Caesaris</span> <span class='ocrx_word' id='word_1_79' title='bbox 356 869 392 928; x_wconf 90' lang='lat' dir='ltr'>ad</span> <span class='ocrx_word' id='word_1_80' title='bbox 406 867 433 927; x_wconf 90' lang='lat' dir='ltr'>se</span> <span class='ocrx_word' id='word_1_81' title='bbox 446 868 615 938; x_wconf 89' lang='lat' dir='ltr'>litterarum,</span> <span class='ocrx_word' id='word_1_82' title='bbox 634 870 664 929; x_wconf 89' lang='lat' dir='ltr'>in</span> <span class='ocrx_word' id='word_1_83' title='bbox 685 871 782 947; x_wconf 90' lang='lat' dir='ltr'>quibus</span> <span class='ocrx_word' id='word_1_84' title='bbox 799 881 872 938; x_wconf 88' lang='lat' dir='ltr'>erat,</span> <span class='ocrx_word' id='word_1_85' title='bbox 892 869 919 928; x_wconf 89' lang='lat' dir='ltr'>se</span> <span class='ocrx_word' id='word_1_86' title='bbox 933 866 1103 940; x_wconf 81' lang='lat' dir='ltr'>raudiviffe,</span> 
     </span>
    </p>

    <p class='ocr_par' dir='ltr' id='par_1_11' title="bbox 231 942 1104 1015">
     <span class='ocr_line' id='line_1_11' title="bbox 231 942 1104 1015; baseline 0.003 -13"><span class='ocrx_word' id='word_1_87' title='bbox 231 945 372 1004; x_wconf 84' lang='lat' dir='ltr'>Catonem</span> <span class='ocrx_word' id='word_1_88' title='bbox 400 948 430 1004; x_wconf 92' lang='lat'>&amp;</span> <span class='ocrx_word' id='word_1_89' title='bbox 451 945 486 1005; x_wconf 92' lang='lat' dir='ltr'>L.</span> <span class='ocrx_word' id='word_1_90' title='bbox 508 946 655 1005; x_wconf 86' lang='lat' dir='ltr'>Metellum</span> <span class='ocrx_word' id='word_1_91' title='bbox 682 948 712 1006; x_wconf 88' lang='lat' dir='ltr'>in</span> <span class='ocrx_word' id='word_1_92' title='bbox 732 942 839 1005; x_wconf 89' lang='lat' dir='ltr'>Italiam</span> <span class='ocrx_word' id='word_1_93' title='bbox 861 944 982 1015; x_wconf 87' lang='lat' dir='ltr'>venisse,</span> <span class='ocrx_word' id='word_1_94' title='bbox 1003 948 1104 1005; x_wconf 86' lang='lat' dir='ltr'>Romae</span> 
     </span>
    </p>

    <p class='ocr_par' dir='ltr' id='par_1_12' title="bbox 232 1018 1103 1099">
     <span class='ocr_line' id='line_1_12' title="bbox 232 1018 1103 1099; baseline 0.002 -20"><span class='ocrx_word' id='word_1_95' title='bbox 232 1034 265 1080; x_wconf 90' lang='lat' dir='ltr'>ut</span> <span class='ocrx_word' id='word_1_96' title='bbox 279 1018 364 1080; x_wconf 84' lang='lat' dir='ltr'>essent</span> <span class='ocrx_word' id='word_1_97' title='bbox 378 1020 486 1097; x_wconf 76' lang='lat' dir='ltr'>pallor:</span> <span class='ocrx_word' id='word_1_98' title='bbox 507 1023 537 1082; x_wconf 87' lang='lat' dir='ltr'>id</span> <span class='ocrx_word' id='word_1_99' title='bbox 553 1023 602 1082; x_wconf 88' lang='lat' dir='ltr'>srbi</span> <span class='ocrx_word' id='word_1_100' title='bbox 614 1040 674 1082; x_wconf 87' lang='lat' dir='ltr'>non</span> <span class='ocrx_word' id='word_1_101' title='bbox 688 1020 795 1099; x_wconf 79' lang='lat' dir='ltr'>placere</span> <span class='ocrx_word' id='word_1_102' title='bbox 803 1044 813 1090; x_wconf 74' lang='lat'>3</span> <span class='ocrx_word' id='word_1_103' title='bbox 834 1040 871 1081; x_wconf 84' lang='lat' dir='ltr'>ne</span> <span class='ocrx_word' id='word_1_104' title='bbox 892 1023 940 1098; x_wconf 90' lang='lat' dir='ltr'>qui</span> <span class='ocrx_word' id='word_1_105' title='bbox 962 1036 1061 1082; x_wconf 89' lang='lat' dir='ltr'>motus</span> <span class='ocrx_word' id='word_1_106' title='bbox 1073 1040 1103 1081; x_wconf 80' lang='lat' dir='ltr'>cx</span> 
     </span>
    </p>

    <p class='ocr_par' dir='ltr' id='par_1_13' title="bbox 234 1097 1105 1174">
     <span class='ocr_line' id='line_1_13' title="bbox 234 1097 1105 1174; baseline 0.003 -19"><span class='ocrx_word' id='word_1_107' title='bbox 234 1114 272 1156; x_wconf 88' lang='lat' dir='ltr'>eo</span> <span class='ocrx_word' id='word_1_108' title='bbox 292 1097 411 1166; x_wconf 86' lang='lat' dir='ltr'>sierent;</span> <span class='ocrx_word' id='word_1_109' title='bbox 438 1100 578 1174; x_wconf 77' lang='lat' dir='ltr'>prohiberi</span> <span class='ocrx_word' id='word_1_110' title='bbox 598 1118 633 1160; x_wconf 87' lang='lat' dir='ltr'>ue</span> <span class='ocrx_word' id='word_1_111' title='bbox 660 1117 760 1158; x_wconf 89' lang='lat' dir='ltr'>omnes</span> <span class='ocrx_word' id='word_1_112' title='bbox 782 1097 883 1168; x_wconf 77' lang='lat' dir='ltr'>Italii,</span> <span class='ocrx_word' id='word_1_113' title='bbox 903 1097 954 1158; x_wconf 89' lang='lat' dir='ltr'>nisr</span> <span class='ocrx_word' id='word_1_114' title='bbox 1005 1114 1105 1158; x_wconf 89' lang='lat' dir='ltr'>uomm</span> 
     </span>
    </p>

    <p class='ocr_par' dir='ltr' id='par_1_14' title="bbox 232 1117 1107 1254">
     <span class='ocr_line' id='line_1_14' title="bbox 232 1117 1107 1254; baseline 0.003 -20"><span class='ocrx_word' id='word_1_115' title='bbox 232 1173 288 1250; x_wconf 90' lang='lat' dir='ltr'>ipse</span> <span class='ocrx_word' id='word_1_116' title='bbox 309 1173 418 1233; x_wconf 89' lang='lat' dir='ltr'>causam</span> <span class='ocrx_word' id='word_1_117' title='bbox 439 1177 562 1251; x_wconf 85' lang='lat' dir='ltr'>cognovi</span> <span class='ocrx_word' id='word_1_118' title='bbox 583 1189 633 1235; x_wconf 86' lang='lat' dir='ltr'>et:</span> <span class='ocrx_word' id='word_1_119' title='bbox 660 1176 752 1254; x_wconf 81' lang='lat' dir='ltr'>deque</span> <span class='ocrx_word' id='word_1_120' title='bbox 773 1194 810 1234; x_wconf 88' lang='lat' dir='ltr'>eo</span> <span class='ocrx_word' id='word_1_121' title='bbox 830 1117 1028 1235; x_wconf 40' lang='lat' dir='ltr'>vehementids</span> <span class='ocrx_word' id='word_1_122' title='bbox 1055 1189 1107 1237; x_wconf 85' lang='lat' dir='ltr'>erat</span> 
     </span>
    </p>

    <p class='ocr_par' dir='ltr' id='par_1_15' title="bbox 232 1250 1105 1330">
     <span class='ocr_line' id='line_1_15' title="bbox 232 1250 1105 1330; baseline 0.001 -21"><span class='ocrx_word' id='word_1_123' title='bbox 232 1250 372 1324; x_wconf 89' lang='lat' dir='ltr'>scripturn.</span> <span class='ocrx_word' id='word_1_124' title='bbox 411 1252 504 1329; x_wconf 86' lang='lat' dir='ltr'>itaque</span> <span class='ocrx_word' id='word_1_125' title='bbox 521 1254 662 1312; x_wconf 80' lang='lat' dir='ltr'>Antonius</span> <span class='ocrx_word' id='word_1_126' title='bbox 682 1253 791 1330; x_wconf 85' lang='lat' dir='ltr'>petebat</span> <span class='ocrx_word' id='word_1_127' title='bbox 813 1251 830 1311; x_wconf 75' lang='lat' dir='ltr'>ir</span> <span class='ocrx_word' id='word_1_128' title='bbox 851 1270 899 1310; x_wconf 89' lang='lat' dir='ltr'>me</span> <span class='ocrx_word' id='word_1_129' title='bbox 919 1271 969 1327; x_wconf 92' lang='lat' dir='ltr'>per</span> <span class='ocrx_word' id='word_1_130' title='bbox 990 1254 1105 1321; x_wconf 81' lang='lat' dir='ltr'>litterar,</span> 
     </span>
    </p>

    <p class='ocr_par' dir='ltr' id='par_1_16' title="bbox 235 1327 1108 1406">
     <span class='ocr_line' id='line_1_16' title="bbox 235 1327 1108 1406; baseline 0.008 -20"><span class='ocrx_word' id='word_1_131' title='bbox 235 1340 268 1386; x_wconf 84' lang='lat' dir='ltr'>ut</span> <span class='ocrx_word' id='word_1_132' title='bbox 282 1327 331 1387; x_wconf 81' lang='lat' dir='ltr'>sibi</span> <span class='ocrx_word' id='word_1_133' title='bbox 344 1327 531 1404; x_wconf 84' lang='lat' dir='ltr'>ignoscerem:</span> <span class='ocrx_word' id='word_1_134' title='bbox 549 1331 641 1388; x_wconf 87' lang='lat' dir='ltr'>facere</span> <span class='ocrx_word' id='word_1_135' title='bbox 654 1329 681 1388; x_wconf 91' lang='lat' dir='ltr'>se</span> <span class='ocrx_word' id='word_1_136' title='bbox 690 1348 754 1389; x_wconf 77' lang='lat' dir='ltr'>oon</span> <span class='ocrx_word' id='word_1_137' title='bbox 768 1327 863 1405; x_wconf 66' lang='lat' dir='ltr'>polle:</span> <span class='ocrx_word' id='word_1_138' title='bbox 880 1331 952 1406; x_wconf 76' lang='lat' dir='ltr'>quirr</span> <span class='ocrx_word' id='word_1_139' title='bbox 971 1330 1003 1389; x_wconf 86' lang='lat' dir='ltr'>iis</span> <span class='ocrx_word' id='word_1_140' title='bbox 1018 1329 1108 1393; x_wconf 67' lang='lat' dir='ltr'>litteris</span> 
     </span>
    </p>

    <p class='ocr_par' dir='ltr' id='par_1_17' title="bbox 238 1400 1148 1483">
     <span class='ocr_line' id='line_1_17' title="bbox 238 1400 1148 1483; baseline 0.002 -21"><span class='ocrx_word' id='word_1_141' title='bbox 238 1416 372 1480; x_wconf 63' lang='lat' dir='ltr'>‘pareret</span> <span class='ocrx_word' id='word_1_142' title='bbox 411 1417 473 1465; x_wconf 91' lang='lat' dir='ltr'>turn</span> <span class='ocrx_word' id='word_1_143' title='bbox 487 1405 522 1464; x_wconf 90' lang='lat' dir='ltr'>ad</span> <span class='ocrx_word' id='word_1_144' title='bbox 538 1423 605 1465; x_wconf 85' lang='lat' dir='ltr'>eum</span> <span class='ocrx_word' id='word_1_145' title='bbox 619 1405 680 1465; x_wconf 88' lang='lat' dir='ltr'>misr</span> <span class='ocrx_word' id='word_1_146' title='bbox 694 1407 729 1465; x_wconf 91' lang='lat' dir='ltr'>L.</span> <span class='ocrx_word' id='word_1_147' title='bbox 744 1406 899 1476; x_wconf 80' lang='lat' dir='ltr'>Lamiam,</span> <span class='ocrx_word' id='word_1_148' title='bbox 919 1407 970 1483; x_wconf 90' lang='lat' dir='ltr'>qui</span> <span class='ocrx_word' id='word_1_149' title='bbox 990 1400 1108 1481; x_wconf 62' lang='lat' dir='ltr'>demorrss&#39;</span> <span class='ocrx_word' id='word_1_150' title='bbox 1147 1439 1148 1464; x_wconf 79' lang='lat' dir='ltr'>l</span> 
     </span>
    </p>

    <p class='ocr_par' dir='ltr' id='par_1_18' title="bbox 235 1479 1148 1568">
     <span class='ocr_line' id='line_1_18' title="bbox 235 1479 1148 1568; baseline 0.007 -30"><span class='ocrx_word' id='word_1_151' title='bbox 235 1480 345 1568; x_wconf 54' lang='lat' dir='ltr'>giraret,</span> <span class='ocrx_word' id='word_1_152' title='bbox 365 1480 443 1540; x_wconf 91' lang='lat' dir='ltr'>illum</span> <span class='ocrx_word' id='word_1_153' title='bbox 459 1482 614 1542; x_wconf 81' lang='lat' dir='ltr'>Dolabellae</span> <span class='ocrx_word' id='word_1_154' title='bbox 627 1479 739 1551; x_wconf 85' lang='lat' dir='ltr'>dixisse,</span> <span class='ocrx_word' id='word_1_155' title='bbox 758 1494 789 1541; x_wconf 92' lang='lat' dir='ltr'>ut</span> <span class='ocrx_word' id='word_1_156' title='bbox 803 1482 838 1542; x_wconf 85' lang='lat' dir='ltr'>ad</span> <span class='ocrx_word' id='word_1_157' title='bbox 852 1501 900 1542; x_wconf 87' lang='lat' dir='ltr'>me</span> <span class='ocrx_word' id='word_1_158' title='bbox 913 1482 1067 1555; x_wconf 88' lang='lat' dir='ltr'>scriberet,</span> <span class='ocrx_word' id='word_1_159' title='bbox 1081 1497 1108 1544; x_wconf 84' lang='lat' dir='ltr'>ut</span> <span class='ocrx_word' id='word_1_160' title='bbox 1147 1501 1148 1504; x_wconf 71' lang='grc'>’</span> 
     </span>
    </p>

    <p class='ocr_par' dir='ltr' id='par_1_19' title="bbox 237 1557 1108 1634">
     <span class='ocr_line' id='line_1_19' title="bbox 237 1557 1108 1634; baseline 0.001 -17"><span class='ocrx_word' id='word_1_161' title='bbox 237 1576 266 1617; x_wconf 90' lang='lat' dir='ltr'>m</span> <span class='ocrx_word' id='word_1_162' title='bbox 282 1557 387 1617; x_wconf 80' lang='lat' dir='ltr'>ltaliam</span> <span class='ocrx_word' id='word_1_163' title='bbox 401 1558 609 1634; x_wconf 77' lang='lat' dir='ltr'>quamprimum</span> <span class='ocrx_word' id='word_1_164' title='bbox 629 1560 779 1618; x_wconf 87' lang='lat' dir='ltr'>venirem:</span> <span class='ocrx_word' id='word_1_165' title='bbox 800 1559 858 1634; x_wconf 87' lang='lat' dir='ltr'>ejus</span> <span class='ocrx_word' id='word_1_166' title='bbox 878 1577 926 1618; x_wconf 89' lang='lat' dir='ltr'>me</span> <span class='ocrx_word' id='word_1_167' title='bbox 946 1559 1047 1620; x_wconf 91' lang='lat' dir='ltr'>litteris</span> <span class='ocrx_word' id='word_1_168' title='bbox 1065 1577 1108 1618; x_wconf 80' lang='lat' dir='ltr'>ue·</span> 
     </span>
    </p>

    <p class='ocr_par' dir='ltr' id='par_1_20' title="bbox 239 1630 1110 1713">
     <span class='ocr_line' id='line_1_20' title="bbox 239 1630 1110 1713; baseline 0.003 -20"><span class='ocrx_word' id='word_1_169' title='bbox 239 1630 316 1693; x_wconf 85' lang='lat' dir='ltr'>nisse.</span> <span class='ocrx_word' id='word_1_170' title='bbox 353 1645 414 1693; x_wconf 89' lang='lat' dir='ltr'>turn</span> <span class='ocrx_word' id='word_1_171' title='bbox 428 1635 473 1694; x_wconf 86' lang='lat' dir='ltr'>ifle</span> <span class='ocrx_word' id='word_1_172' title='bbox 494 1635 580 1695; x_wconf 81' lang='lat' dir='ltr'>edixit</span> <span class='ocrx_word' id='word_1_173' title='bbox 595 1637 632 1695; x_wconf 91' lang='lat' dir='ltr'>ita</span> <span class='ocrx_word' id='word_1_174' title='bbox 648 1678 657 1704; x_wconf 92' lang='lat'>,</span> <span class='ocrx_word' id='word_1_175' title='bbox 677 1647 708 1693; x_wconf 93' lang='lat' dir='ltr'>ut</span> <span class='ocrx_word' id='word_1_176' title='bbox 728 1646 785 1693; x_wconf 72' lang='lat' dir='ltr'>me·</span> <span class='ocrx_word' id='word_1_177' title='bbox 797 1638 936 1712; x_wconf 85' lang='lat' dir='ltr'>exciperet</span> <span class='ocrx_word' id='word_1_178' title='bbox 962 1635 1037 1713; x_wconf 79' lang='lat'>4⁶&amp;</span> <span class='ocrx_word' id='word_1_179' title='bbox 1050 1637 1110 1695; x_wconf 90' lang='lat' dir='ltr'>Lae·</span> 
     </span>
    </p>

    <p class='ocr_par' dir='ltr' id='par_1_21' title="bbox 239 1711 1111 1790">
     <span class='ocr_line' id='line_1_21' title="bbox 239 1711 1111 1790; baseline 0.007 -22"><span class='ocrx_word' id='word_1_180' title='bbox 239 1711 308 1769; x_wconf 90' lang='lat' dir='ltr'>lium</span> <span class='ocrx_word' id='word_1_181' title='bbox 335 1712 513 1771; x_wconf 89' lang='lat' dir='ltr'>nominatim.</span> <span class='ocrx_word' id='word_1_182' title='bbox 548 1711 627 1790; x_wconf 88' lang='lat' dir='ltr'>quod</span> <span class='ocrx_word' id='word_1_183' title='bbox 645 1711 708 1771; x_wconf 89' lang='lat' dir='ltr'>sane</span> <span class='ocrx_word' id='word_1_184' title='bbox 735 1712 850 1771; x_wconf 88' lang='lat' dir='ltr'>nollem.</span> <span class='ocrx_word' id='word_1_185' title='bbox 886 1724 1000 1788; x_wconf 88' lang='lat' dir='ltr'>poterat</span> <span class='ocrx_word' id='word_1_186' title='bbox 1022 1715 1111 1783; x_wconf 81' lang='lat' dir='ltr'>enim,</span> 
     </span>
    </p>

    <p class='ocr_par' dir='ltr' id='par_1_22' title="bbox 88 1787 1112 1866">
     <span class='ocr_line' id='line_1_22' title="bbox 88 1787 1112 1866; baseline -0.009 -9"><span class='ocrx_word' id='word_1_187' title='bbox 88 1807 208 1860; x_wconf 71' lang='lat' dir='ltr'>exuras,</span> <span class='ocrx_word' id='word_1_188' title='bbox 239 1787 297 1846; x_wconf 83' lang='lat' dir='ltr'>fine</span> <span class='ocrx_word' id='word_1_189' title='bbox 311 1791 446 1860; x_wconf 89' lang='lat' dir='ltr'>nomine,</span> <span class='ocrx_word' id='word_1_190' title='bbox 466 1799 512 1847; x_wconf 85' lang='lat' dir='ltr'>trr:</span> <span class='ocrx_word' id='word_1_191' title='bbox 532 1789 587 1866; x_wconf 87' lang='lat' dir='ltr'>ipsa</span> <span class='ocrx_word' id='word_1_192' title='bbox 608 1789 706 1864; x_wconf 82' lang='lat' dir='ltr'>excipi.</span> <span class='ocrx_word' id='word_1_193' title='bbox 745 1787 768 1847; x_wconf 56' lang='lat' dir='ltr'>d*</span> <span class='ocrx_word' id='word_1_194' title='bbox 786 1790 883 1849; x_wconf 86' lang='lat' dir='ltr'>multas</span> <span class='ocrx_word' id='word_1_195' title='bbox 904 1790 934 1847; x_wconf 79' lang='grc' dir='ltr'>δι</span> <span class='ocrx_word' id='word_1_196' title='bbox 953 1792 1056 1864; x_wconf 68' lang='lat' dir='ltr'>grades</span> <span class='ocrx_word' id='word_1_197' title='bbox 1074 1790 1112 1850; x_wconf 89' lang='lat' dir='ltr'>os·</span> 
     </span>
    </p>

    <p class='ocr_par' dir='ltr' id='par_1_23' title="bbox 239 1862 1112 1944">
     <span class='ocr_line' id='line_1_23' title="bbox 239 1862 1112 1944; baseline 0.007 -22"><span class='ocrx_word' id='word_1_198' title='bbox 239 1862 401 1923; x_wconf 83' lang='lat' dir='ltr'>sensiones!</span> <span class='ocrx_word' id='word_1_199' title='bbox 423 1876 489 1943; x_wconf 91' lang='lat' dir='ltr'>quas</span> <span class='ocrx_word' id='word_1_200' title='bbox 507 1866 623 1944; x_wconf 89' lang='lat' dir='ltr'>quidem</span> <span class='ocrx_word' id='word_1_201' title='bbox 637 1899 650 1936; x_wconf 72' lang='grc'>,»</span> <span class='ocrx_word' id='word_1_202' title='bbox 673 1871 705 1924; x_wconf 77' lang='lat' dir='ltr'>t&#39;u</span> <span class='ocrx_word' id='word_1_203' title='bbox 724 1865 771 1924; x_wconf 87' lang='lat' dir='ltr'>das</span> <span class='ocrx_word' id='word_1_204' title='bbox 793 1869 932 1942; x_wconf 91' lang='lat' dir='ltr'>operam,</span> <span class='ocrx_word' id='word_1_205' title='bbox 952 1868 986 1924; x_wconf 82' lang='lat' dir='ltr'>ut</span> <span class='ocrx_word' id='word_1_206' title='bbox 1016 1866 1112 1937; x_wconf 72' lang='lat' dir='ltr'>leniat,</span> 
     </span>
    </p>

    <p class='ocr_par' dir='ltr' id='par_1_24' title="bbox 240 1941 1111 2020">
     <span class='ocr_line' id='line_1_24' title="bbox 240 1941 1111 2020; baseline 0.002 -19"><span class='ocrx_word' id='word_1_207' title='bbox 240 1946 294 2001; x_wconf 86' lang='lat' dir='ltr'>irec</span> <span class='ocrx_word' id='word_1_208' title='bbox 308 1955 403 2000; x_wconf 87' lang='lat' dir='ltr'>tamen</span> <span class='ocrx_word' id='word_1_209' title='bbox 417 1943 485 2002; x_wconf 87' lang='lat' dir='ltr'>nihil</span> <span class='ocrx_word' id='word_1_210' title='bbox 497 1942 623 2018; x_wconf 86' lang='lat' dir='ltr'>proficis:</span> <span class='ocrx_word' id='word_1_211' title='bbox 642 1943 712 2020; x_wconf 88' lang='lat' dir='ltr'>quin</span> <span class='ocrx_word' id='word_1_212' title='bbox 723 1943 780 2001; x_wconf 89' lang='lat' dir='ltr'>hoc</span> <span class='ocrx_word' id='word_1_213' title='bbox 793 1943 851 2018; x_wconf 93' lang='lat' dir='ltr'>ipso</span> <span class='ocrx_word' id='word_1_214' title='bbox 868 1942 971 2000; x_wconf 88' lang='lat' dir='ltr'>minuis</span> <span class='ocrx_word' id='word_1_215' title='bbox 984 1941 1111 2003; x_wconf 82' lang='lat' dir='ltr'>dolorem</span> 
     </span>
    </p>

    <p class='ocr_par' dir='ltr' id='par_1_25' title="bbox 89 2017 1112 2098">
     <span class='ocr_line' id='line_1_25' title="bbox 89 2017 1112 2098; baseline 0 -20"><span class='ocrx_word' id='word_1_216' title='bbox 89 2045 106 2078; x_wconf 78' lang='lat' dir='ltr'>v</span> <span class='ocrx_word' id='word_1_217' title='bbox 121 2028 213 2080; x_wconf 77' lang='lat' dir='ltr'>laboxes</span> <span class='ocrx_word' id='word_1_218' title='bbox 241 2035 356 2088; x_wconf 90' lang='lat' dir='ltr'>meum,</span> <span class='ocrx_word' id='word_1_219' title='bbox 377 2017 472 2097; x_wconf 80' lang='lat' dir='ltr'>quod,</span> <span class='ocrx_word' id='word_1_220' title='bbox 492 2030 523 2078; x_wconf 90' lang='lat' dir='ltr'>ut</span> <span class='ocrx_word' id='word_1_221' title='bbox 536 2021 667 2088; x_wconf 87' lang='lat' dir='ltr'>minuas,</span> <span class='ocrx_word' id='word_1_222' title='bbox 688 2032 744 2077; x_wconf 86' lang='lat' dir='ltr'>ram</span> <span class='ocrx_word' id='word_1_223' title='bbox 765 2019 845 2098; x_wconf 81' lang='lat' dir='ltr'>valde</span> <span class='ocrx_word' id='word_1_224' title='bbox 865 2018 1012 2078; x_wconf 78' lang='lat' dir='ltr'>ruboras:</span> <span class='ocrx_word' id='word_1_225' title='bbox 1034 2020 1112 2096; x_wconf 87' lang='lat' dir='ltr'>idque</span> 
     </span>
    </p>

    <p class='ocr_par' dir='ltr' id='par_1_26' title="bbox 90 2093 1114 2234">
     <span class='ocr_line' id='line_1_26' title="bbox 90 2093 1114 2179; baseline 0.015 -40"><span class='ocrx_word' id='word_1_226' title='bbox 90 2096 142 2151; x_wconf 70' lang='lat' dir='ltr'>arii.</span> <span class='ocrx_word' id='word_1_227' title='bbox 240 2095 326 2158; x_wconf 82' lang='lat' dir='ltr'>velim</span> <span class='ocrx_word' id='word_1_228' title='bbox 340 2112 503 2179; x_wconf 19' lang='lat' dir='ltr'>nexgraveru</span> <span class='ocrx_word' id='word_1_229' title='bbox 517 2094 603 2173; x_wconf 77' lang='lat' dir='ltr'>quim</span> <span class='ocrx_word' id='word_1_230' title='bbox 626 2093 770 2173; x_wconf 73' lang='lat' dir='ltr'>iaepislinrd</span> <span class='ocrx_word' id='word_1_231' title='bbox 788 2098 890 2155; x_wconf 78' lang='lat' dir='ltr'>facere.</span> <span class='ocrx_word' id='word_1_232' title='bbox 927 2095 1114 2157; x_wconf 58' lang='lat' dir='ltr'>mammem:</span> 
     </span>
     <span class='ocr_line' id='line_1_27' title="bbox 1062 2180 1114 2234; baseline 0 -1"><span class='ocrx_word' id='word_1_233' title='bbox 1062 2180 1114 2234; x_wconf 73' lang='lat' dir='ltr'>leni</span> 
     </span>
    </p>
   </div>
   <div class='ocr_carea' id='block_1_3' title="bbox 238 2342 1141 3478">
    <p class='ocr_par' dir='ltr' id='par_1_27' title="bbox 242 2342 1113 2595">
     <span class='ocr_line' id='line_1_28' title="bbox 242 2342 1112 2410; baseline -0.002 -17"><span class='ocrx_word' id='word_1_234' title='bbox 242 2346 319 2394; x_wconf 76' lang='lat' dir='ltr'>libenti</span> <span class='ocrx_word' id='word_1_235' title='bbox 327 2347 404 2406; x_wconf 74' lang='lat' dir='ltr'>senata</span> <span class='ocrx_word' id='word_1_236' title='bbox 414 2347 563 2394; x_wconf 68' lang='lat' dir='ltr'>audirentur?</span> <span class='ocrx_word' id='word_1_237' title='bbox 577 2347 652 2408; x_wconf 77' lang='lat' dir='ltr'>Hujus</span> <span class='ocrx_word' id='word_1_238' title='bbox 662 2346 755 2410; x_wconf 80' lang='lat' dir='ltr'>geberis</span> <span class='ocrx_word' id='word_1_239' title='bbox 764 2345 838 2394; x_wconf 79' lang='lat' dir='ltr'>etlam</span> <span class='ocrx_word' id='word_1_240' title='bbox 848 2343 908 2393; x_wconf 84' lang='lat' dir='ltr'>illud</span> <span class='ocrx_word' id='word_1_241' title='bbox 919 2344 953 2394; x_wconf 87' lang='lat' dir='ltr'>est</span> <span class='ocrx_word' id='word_1_242' title='bbox 969 2345 997 2396; x_wconf 87' lang='lat' dir='ltr'>in</span> <span class='ocrx_word' id='word_1_243' title='bbox 1016 2342 1112 2410; x_wconf 74' lang='lat' dir='ltr'>epmotr</span> 
     </span>
     <span class='ocr_line' id='line_1_29' title="bbox 243 2406 1113 2472; baseline -0.003 -14"><span class='ocrx_word' id='word_1_244' title='bbox 243 2409 275 2458; x_wconf 73' lang='lat' dir='ltr'>cd</span> <span class='ocrx_word' id='word_1_245' title='bbox 285 2406 441 2459; x_wconf 81' lang='lat' dir='ltr'>Trebatium:</span> <span class='ocrx_word' id='word_1_246' title='bbox 456 2417 492 2458; x_wconf 80' lang='grc' dir='ltr'>οι.</span> <span class='ocrx_word' id='word_1_247' title='bbox 505 2411 622 2464; x_wconf 69' lang='lat' dir='ltr'>oaavius,</span> <span class='ocrx_word' id='word_1_248' title='bbox 637 2427 680 2465; x_wconf 76' lang='lat' dir='ltr'>an,</span> <span class='ocrx_word' id='word_1_249' title='bbox 698 2416 733 2458; x_wconf 78' lang='grc' dir='ltr'>οι.</span> <span class='ocrx_word' id='word_1_250' title='bbox 747 2411 854 2457; x_wconf 76' lang='lat' dir='ltr'>cornelius</span> <span class='ocrx_word' id='word_1_251' title='bbox 864 2411 971 2472; x_wconf 77' lang='lat' dir='ltr'>quidem?</span> <span class='ocrx_word' id='word_1_252' title='bbox 988 2413 1010 2457; x_wconf 76' lang='lat' dir='ltr'>is</span> <span class='ocrx_word' id='word_1_253' title='bbox 1025 2426 1060 2456; x_wconf 82' lang='lat' dir='ltr'>m</span> <span class='ocrx_word' id='word_1_254' title='bbox 1072 2424 1113 2455; x_wconf 82' lang='lat' dir='ltr'>m·</span> 
     </span>
     <span class='ocr_line' id='line_1_30' title="bbox 242 2470 1113 2537; baseline 0 -19"><span class='ocrx_word' id='word_1_255' title='bbox 242 2473 279 2518; x_wconf 80' lang='lat' dir='ltr'>bro</span> <span class='ocrx_word' id='word_1_256' title='bbox 289 2474 318 2519; x_wconf 81' lang='lat' dir='ltr'>ad</span> <span class='ocrx_word' id='word_1_257' title='bbox 327 2488 406 2519; x_wconf 74' lang='lat' dir='ltr'>cunam</span> <span class='ocrx_word' id='word_1_258' title='bbox 418 2477 508 2523; x_wconf 78' lang='lat' dir='ltr'>invitat.</span> <span class='ocrx_word' id='word_1_259' title='bbox 526 2474 552 2522; x_wconf 67' lang='grc' dir='ltr'><strong>ἃ</strong></span> <span class='ocrx_word' id='word_1_260' title='bbox 565 2470 661 2522; x_wconf 79' lang='lat' dir='ltr'>illudio</span> <span class='ocrx_word' id='word_1_261' title='bbox 671 2478 756 2529; x_wconf 86' lang='lat' dir='ltr'>Bruto,</span> <span class='ocrx_word' id='word_1_262' title='bbox 770 2476 921 2529; x_wconf 73' lang='lat' dir='ltr'>Paucis-anre,</span> <span class='ocrx_word' id='word_1_263' title='bbox 936 2474 1012 2537; x_wconf 72' lang='lat' dir='ltr'>qudi»</span> <span class='ocrx_word' id='word_1_264' title='bbox 1022 2483 1113 2521; x_wconf 67' lang='lat' dir='ltr'>mmm</span> 
     </span>
     <span class='ocr_line' id='line_1_31' title="bbox 244 2535 739 2595; baseline 0.002 -12"><span class='ocrx_word' id='word_1_265' title='bbox 244 2535 274 2595; x_wconf 78' lang='lat' dir='ltr'>est</span> <span class='ocrx_word' id='word_1_266' title='bbox 284 2568 292 2591; x_wconf 95' lang='lat'>,</span> <span class='ocrx_word' id='word_1_267' title='bbox 306 2536 428 2592; x_wconf 74' lang='lat' dir='ltr'>audiebas,</span> <span class='ocrx_word' id='word_1_268' title='bbox 442 2554 471 2583; x_wconf 81' lang='lat' dir='ltr'>aar</span> <span class='ocrx_word' id='word_1_269' title='bbox 480 2536 597 2594; x_wconf 71' lang='lat' dir='ltr'>arpenstbns?</span> <span class='ocrx_word' id='word_1_270' title='bbox 612 2539 739 2585; x_wconf 82' lang='lat' dir='ltr'>1’.Manut.</span> 
     </span>
    </p>

    <p class='ocr_par' dir='ltr' id='par_1_28' title="bbox 238 2592 1134 3230">
     <span class='ocr_line' id='line_1_32' title="bbox 274 2592 1134 2673; baseline -0.001 -28"><span class='ocrx_word' id='word_1_271' title='bbox 274 2614 313 2659; x_wconf 84' lang='lat'>45.</span> <span class='ocrx_word' id='word_1_272' title='bbox 329 2599 508 2646; x_wconf 65' lang='lat' dir='ltr'>,Arbirrmsesr</span> <span class='ocrx_word' id='word_1_273' title='bbox 523 2602 698 2661; x_wconf 57' lang='lat' dir='ltr'>furnagium]</span> <span class='ocrx_word' id='word_1_274' title='bbox 723 2603 760 2646; x_wconf 81' lang='lat' dir='ltr'>Ex</span> <span class='ocrx_word' id='word_1_275' title='bbox 776 2598 858 2648; x_wconf 88' lang='lat' dir='ltr'>codice</span> <span class='ocrx_word' id='word_1_276' title='bbox 874 2602 1012 2648; x_wconf 74' lang='lat' dir='ltr'>Decumato</span> <span class='ocrx_word' id='word_1_277' title='bbox 1029 2592 1111 2673; x_wconf 76' lang='lat' dir='ltr'>scrips.</span> <span class='ocrx_word' id='word_1_278' title='bbox 1129 2636 1134 2644; x_wconf 91' lang='lat'><em>.</em></span> 
     </span>
     <span class='ocr_line' id='line_1_33' title="bbox 238 2659 1112 2723; baseline 0.002 -16"><span class='ocrx_word' id='word_1_279' title='bbox 238 2662 279 2721; x_wconf 79' lang='lat' dir='ltr'>fac</span> <span class='ocrx_word' id='word_1_280' title='bbox 288 2674 326 2716; x_wconf 81' lang='lat' dir='ltr'>tu,</span> <span class='ocrx_word' id='word_1_281' title='bbox 343 2662 431 2710; x_wconf 72' lang='lat' dir='ltr'>duabus</span> <span class='ocrx_word' id='word_1_282' title='bbox 442 2659 545 2710; x_wconf 79' lang='lat' dir='ltr'>vocibus.</span> <span class='ocrx_word' id='word_1_283' title='bbox 577 2667 628 2717; x_wconf 85' lang='lat' dir='ltr'>Tu,</span> <span class='ocrx_word' id='word_1_284' title='bbox 644 2661 734 2723; x_wconf 85' lang='lat' dir='ltr'>inquit,</span> <span class='ocrx_word' id='word_1_285' title='bbox 749 2661 824 2710; x_wconf 86' lang='lat' dir='ltr'>facito</span> <span class='ocrx_word' id='word_1_286' title='bbox 843 2673 869 2707; x_wconf 88' lang='lat' dir='ltr'>ut</span> <span class='ocrx_word' id='word_1_287' title='bbox 886 2672 938 2708; x_wconf 87' lang='lat' dir='ltr'>utar</span> <span class='ocrx_word' id='word_1_288' title='bbox 959 2660 1051 2711; x_wconf 75' lang='lat' dir='ltr'>iisdem</span> <span class='ocrx_word' id='word_1_289' title='bbox 1072 2659 1112 2709; x_wconf 75' lang='lat' dir='ltr'>dir</span> 
     </span>
     <span class='ocr_line' id='line_1_34' title="bbox 241 2722 1112 2788; baseline -0.007 -14"><span class='ocrx_word' id='word_1_290' title='bbox 241 2724 381 2779; x_wconf 65' lang='lat' dir='ltr'>lictoribus,</span> <span class='ocrx_word' id='word_1_291' title='bbox 397 2722 601 2788; x_wconf 87' lang='lat' dir='ltr'>quemadmodum</span> <span class='ocrx_word' id='word_1_292' title='bbox 617 2723 694 2774; x_wconf 82' lang='lat' dir='ltr'>scribis</span> <span class='ocrx_word' id='word_1_293' title='bbox 709 2722 756 2771; x_wconf 86' lang='lat' dir='ltr'>istis</span> <span class='ocrx_word' id='word_1_294' title='bbox 771 2724 869 2787; x_wconf 82' lang='lat' dir='ltr'>placere.</span> <span class='ocrx_word' id='word_1_295' title='bbox 892 2724 971 2779; x_wconf 74' lang='lat' dir='ltr'>Rosius.</span> <span class='ocrx_word' id='word_1_296' title='bbox 1008 2722 1055 2774; x_wconf 79' lang='lat' dir='ltr'>sed</span> <span class='ocrx_word' id='word_1_297' title='bbox 1070 2723 1112 2773; x_wconf 68' lang='lat' dir='ltr'>hae</span> 
     </span>
     <span class='ocr_line' id='line_1_35' title="bbox 245 2782 1112 2850; baseline -0.001 -14"><span class='ocrx_word' id='word_1_298' title='bbox 245 2787 361 2850; x_wconf 87' lang='lat' dir='ltr'>loquendi</span> <span class='ocrx_word' id='word_1_299' title='bbox 371 2785 467 2843; x_wconf 83' lang='lat' dir='ltr'>forma,</span> <span class='ocrx_word' id='word_1_300' title='bbox 480 2787 520 2845; x_wconf 83' lang='lat' dir='ltr'>fac</span> <span class='ocrx_word' id='word_1_301' title='bbox 531 2801 558 2836; x_wconf 81' lang='lat' dir='ltr'>tu</span> <span class='ocrx_word' id='word_1_302' title='bbox 567 2804 601 2834; x_wconf 82' lang='lat' dir='ltr'>me</span> <span class='ocrx_word' id='word_1_303' title='bbox 614 2791 661 2843; x_wconf 81' lang='lat' dir='ltr'>uri,</span> <span class='ocrx_word' id='word_1_304' title='bbox 679 2801 722 2850; x_wconf 89' lang='lat' dir='ltr'>pro</span> <span class='ocrx_word' id='word_1_305' title='bbox 731 2785 805 2836; x_wconf 82' lang='lat' dir='ltr'>facito</span> <span class='ocrx_word' id='word_1_306' title='bbox 815 2798 840 2834; x_wconf 83' lang='lat' dir='ltr'>ut</span> <span class='ocrx_word' id='word_1_307' title='bbox 851 2799 902 2835; x_wconf 88' lang='lat' dir='ltr'>utar</span> <span class='ocrx_word' id='word_1_308' title='bbox 913 2787 1010 2837; x_wconf 80' lang='lat' dir='ltr'>Latinis</span> <span class='ocrx_word' id='word_1_309' title='bbox 1021 2802 1073 2837; x_wconf 86' lang='lat' dir='ltr'>uon</span> <span class='ocrx_word' id='word_1_310' title='bbox 1085 2782 1112 2835; x_wconf 71' lang='lat' dir='ltr'>d</span> 
     </span>
     <span class='ocr_line' id='line_1_36' title="bbox 245 2848 1113 2913; baseline -0.003 -14"><span class='ocrx_word' id='word_1_311' title='bbox 245 2848 338 2902; x_wconf 84' lang='lat' dir='ltr'>ufirata.</span> <span class='ocrx_word' id='word_1_312' title='bbox 369 2851 428 2913; x_wconf 77' lang='lat' dir='ltr'>Quis</span> <span class='ocrx_word' id='word_1_313' title='bbox 439 2851 505 2899; x_wconf 82' lang='lat' dir='ltr'>enim</span> <span class='ocrx_word' id='word_1_314' title='bbox 514 2851 547 2898; x_wconf 87' lang='lat' dir='ltr'>ita</span> <span class='ocrx_word' id='word_1_315' title='bbox 557 2852 698 2913; x_wconf 84' lang='lat' dir='ltr'>loquentem</span> <span class='ocrx_word' id='word_1_316' title='bbox 708 2849 778 2898; x_wconf 85' lang='lat' dir='ltr'>ferret</span> <span class='ocrx_word' id='word_1_317' title='bbox 790 2885 797 2905; x_wconf 91' lang='lat'>,</span> <span class='ocrx_word' id='word_1_318' title='bbox 814 2851 854 2908; x_wconf 79' lang='lat' dir='ltr'>fac</span> <span class='ocrx_word' id='word_1_319' title='bbox 867 2863 891 2895; x_wconf 87' lang='lat' dir='ltr'>ru</span> <span class='ocrx_word' id='word_1_320' title='bbox 903 2866 937 2895; x_wconf 80' lang='lat' dir='ltr'>me</span> <span class='ocrx_word' id='word_1_321' title='bbox 952 2867 1070 2898; x_wconf 77' lang='lat' dir='ltr'>numerare</span> <span class='ocrx_word' id='word_1_322' title='bbox 1082 2865 1113 2896; x_wconf 74' lang='lat' dir='ltr'>n·</span> 
     </span>
     <span class='ocr_line' id='line_1_37' title="bbox 241 2909 1113 2977; baseline 0.003 -17"><span class='ocrx_word' id='word_1_323' title='bbox 241 2926 347 2977; x_wconf 74' lang='lat' dir='ltr'>gentum,</span> <span class='ocrx_word' id='word_1_324' title='bbox 368 2927 412 2977; x_wconf 87' lang='lat' dir='ltr'>pto</span> <span class='ocrx_word' id='word_1_325' title='bbox 428 2912 502 2963; x_wconf 84' lang='lat' dir='ltr'>facito</span> <span class='ocrx_word' id='word_1_326' title='bbox 518 2927 545 2962; x_wconf 91' lang='lat' dir='ltr'>ut</span> <span class='ocrx_word' id='word_1_327' title='bbox 561 2926 692 2963; x_wconf 85' lang='lat' dir='ltr'>numerem.</span> <span class='ocrx_word' id='word_1_328' title='bbox 723 2909 1048 2975; x_wconf 77' lang='lat' dir='ltr'>Larinis&#39;hoc&#39;srgnificaret,</span> <span class='ocrx_word' id='word_1_329' title='bbox 1059 2924 1113 2977; x_wconf 75' lang='lat' dir='ltr'>pone</span> 
     </span>
     <span class='ocr_line' id='line_1_38' title="bbox 246 2974 1114 3036; baseline -0.003 -10"><span class='ocrx_word' id='word_1_330' title='bbox 246 2991 287 3026; x_wconf 86' lang='lat' dir='ltr'>me</span> <span class='ocrx_word' id='word_1_331' title='bbox 297 2977 345 3034; x_wconf 89' lang='lat' dir='ltr'>uti,</span> <span class='ocrx_word' id='word_1_332' title='bbox 359 2990 489 3028; x_wconf 80' lang='lat' dir='ltr'>numerare.</span> <span class='ocrx_word' id='word_1_333' title='bbox 522 2982 551 3026; x_wconf 84' lang='lat' dir='ltr'>In</span> <span class='ocrx_word' id='word_1_334' title='bbox 562 2977 659 3027; x_wconf 74' lang='lat' dir='ltr'>milior:</span> <span class='ocrx_word' id='word_1_335' title='bbox 668 2974 788 3027; x_wconf 86' lang='lat' dir='ltr'>scribitur:</span> <span class='ocrx_word' id='word_1_336' title='bbox 806 2976 940 3022; x_wconf 65' lang='lat' dir='ltr'>,Arbitrum</span> <span class='ocrx_word' id='word_1_337' title='bbox 950 2994 974 3022; x_wconf 81' lang='lat' dir='ltr'>es</span> <span class='ocrx_word' id='word_1_338' title='bbox 989 2991 1026 3023; x_wconf 75' lang='lat' dir='ltr'>ru</span> <span class='ocrx_word' id='word_1_339' title='bbox 1037 2977 1114 3036; x_wconf 68' lang='lat' dir='ltr'>facim</span> 
     </span>
     <span class='ocr_line' id='line_1_39' title="bbox 244 3038 1114 3102; baseline -0.002 -13"><span class='ocrx_word' id='word_1_340' title='bbox 244 3043 324 3102; x_wconf 76' lang='lat' dir='ltr'>igitur.</span> <span class='ocrx_word' id='word_1_341' title='bbox 356 3038 455 3089; x_wconf 78' lang='lat' dir='ltr'>Helmst.</span> <span class='ocrx_word' id='word_1_342' title='bbox 479 3042 612 3088; x_wconf 62' lang='lat' dir='ltr'>Arbitrum</span> <span class='ocrx_word' id='word_1_343' title='bbox 627 3039 655 3100; x_wconf 78' lang='lat' dir='ltr'>est</span> <span class='ocrx_word' id='word_1_344' title='bbox 668 3057 693 3087; x_wconf 77' lang='lat' dir='ltr'>ea</span> <span class='ocrx_word' id='word_1_345' title='bbox 704 3039 824 3097; x_wconf 69' lang='lat' dir='ltr'>fallarum.</span> <span class='ocrx_word' id='word_1_346' title='bbox 847 3043 960 3086; x_wconf 83' lang='lat' dir='ltr'>Veterum</span> <span class='ocrx_word' id='word_1_347' title='bbox 987 3040 1114 3089; x_wconf 76' lang='lat' dir='ltr'>editionum</span> 
     </span>
     <span class='ocr_line' id='line_1_40' title="bbox 247 3100 1117 3165; baseline -0.005 -13"><span class='ocrx_word' id='word_1_348' title='bbox 247 3101 353 3152; x_wconf 72' lang='lat' dir='ltr'>lesbiose</span> <span class='ocrx_word' id='word_1_349' title='bbox 366 3103 427 3151; x_wconf 86' lang='lat' dir='ltr'>bene</span> <span class='ocrx_word' id='word_1_350' title='bbox 441 3102 527 3160; x_wconf 85' lang='lat' dir='ltr'>habet,</span> <span class='ocrx_word' id='word_1_351' title='bbox 541 3103 617 3152; x_wconf 89' lang='lat' dir='ltr'>modo</span> <span class='ocrx_word' id='word_1_352' title='bbox 632 3118 686 3153; x_wconf 88' lang='lat' dir='ltr'>cum</span> <span class='ocrx_word' id='word_1_353' title='bbox 698 3103 804 3149; x_wconf 75' lang='lat' dir='ltr'>viuorio</span> <span class='ocrx_word' id='word_1_354' title='bbox 815 3100 956 3164; x_wconf 82' lang='lat' dir='ltr'>distinguas:</span> <span class='ocrx_word' id='word_1_355' title='bbox 975 3106 1072 3150; x_wconf 66' lang='lat' dir='ltr'>Fallunt</span> <span class='ocrx_word' id='word_1_356' title='bbox 1083 3102 1117 3165; x_wconf 76' lang='lat' dir='ltr'>igi·</span> 
     </span>
     <span class='ocr_line' id='line_1_41' title="bbox 244 3165 1091 3230; baseline -0.001 -16"><span class='ocrx_word' id='word_1_357' title='bbox 244 3179 284 3214; x_wconf 68' lang='grc' dir='ltr'>την</span> <span class='ocrx_word' id='word_1_358' title='bbox 296 3199 304 3223; x_wconf 87' lang='grc'><em>,</em></span> <span class='ocrx_word' id='word_1_359' title='bbox 317 3179 342 3213; x_wconf 80' lang='lat' dir='ltr'>ut</span> <span class='ocrx_word' id='word_1_360' title='bbox 354 3167 448 3224; x_wconf 76' lang='lat' dir='ltr'>scribis,</span> <span class='ocrx_word' id='word_1_361' title='bbox 463 3168 512 3225; x_wconf 70' lang='lat' dir='ltr'>asti:</span> <span class='ocrx_word' id='word_1_362' title='bbox 518 3170 611 3230; x_wconf 80' lang='lat' dir='ltr'>placere,</span> <span class='ocrx_word' id='word_1_363' title='bbox 627 3169 705 3214; x_wconf 74' lang='lat' dir='ltr'>iisdem</span> <span class='ocrx_word' id='word_1_364' title='bbox 715 3165 761 3221; x_wconf 70' lang='lat' dir='ltr'>istis</span> <span class='ocrx_word' id='word_1_365' title='bbox 771 3167 881 3210; x_wconf 62' lang='lat' dir='ltr'>saliaribus</span> <span class='ocrx_word' id='word_1_366' title='bbox 890 3180 924 3210; x_wconf 80' lang='lat' dir='ltr'>me</span> <span class='ocrx_word' id='word_1_367' title='bbox 939 3170 984 3214; x_wconf 77' lang='lat' dir='ltr'>uti.</span> <span class='ocrx_word' id='word_1_368' title='bbox 1011 3169 1091 3215; x_wconf 65' lang='grc' dir='ltr'>(ΞΜ.</span> 
     </span>
    </p>

    <p class='ocr_par' dir='ltr' id='par_1_29' title="bbox 247 3226 1141 3478">
     <span class='ocr_line' id='line_1_42' title="bbox 279 3226 1114 3291; baseline 0.001 -17"><span class='ocrx_word' id='word_1_369' title='bbox 279 3239 317 3287; x_wconf 87' lang='lat'>46.</span> <span class='ocrx_word' id='word_1_370' title='bbox 336 3233 366 3274; x_wconf 81' lang='lat' dir='ltr'>Er</span> <span class='ocrx_word' id='word_1_371' title='bbox 377 3232 621 3289; x_wconf 78' lang='lat' dir='ltr'>Leliumnominatim.]</span> <span class='ocrx_word' id='word_1_372' title='bbox 637 3235 694 3278; x_wconf 83' lang='lat' dir='ltr'>Ant.</span> <span class='ocrx_word' id='word_1_373' title='bbox 708 3226 850 3291; x_wconf 83' lang='lat' dir='ltr'>Augustinus</span> <span class='ocrx_word' id='word_1_374' title='bbox 861 3228 969 3285; x_wconf 68' lang='lat' dir='ltr'>carrum,</span> <span class='ocrx_word' id='word_1_375' title='bbox 987 3228 1058 3291; x_wconf 90' lang='lat' dir='ltr'>quod</span> <span class='ocrx_word' id='word_1_376' title='bbox 1073 3240 1114 3277; x_wconf 81' lang='grc' dir='ltr'>ιιω</span> 
     </span>
     <span class='ocr_line' id='line_1_43' title="bbox 247 3290 1141 3356; baseline 0 -17"><span class='ocrx_word' id='word_1_377' title='bbox 247 3290 281 3339; x_wconf 86' lang='lat' dir='ltr'>ita</span> <span class='ocrx_word' id='word_1_378' title='bbox 295 3293 392 3352; x_wconf 68' lang='lat' dir='ltr'>placet:</span> <span class='ocrx_word' id='word_1_379' title='bbox 407 3305 465 3339; x_wconf 85' lang='lat' dir='ltr'>nam</span> <span class='ocrx_word' id='word_1_380' title='bbox 475 3290 542 3356; x_wconf 84' lang='lat' dir='ltr'>supra</span> <span class='ocrx_word' id='word_1_381' title='bbox 554 3292 627 3349; x_wconf 82' lang='lat' dir='ltr'>dixit,</span> <span class='ocrx_word' id='word_1_382' title='bbox 642 3294 692 3350; x_wconf 75' lang='lat' dir='ltr'>mifi</span> <span class='ocrx_word' id='word_1_383' title='bbox 700 3296 727 3340; x_wconf 85' lang='lat' dir='ltr'>L.</span> <span class='ocrx_word' id='word_1_384' title='bbox 741 3294 862 3338; x_wconf 80' lang='lat' dir='ltr'>Lamiam:</span> <span class='ocrx_word' id='word_1_385' title='bbox 880 3291 944 3347; x_wconf 78' lang='lat' dir='ltr'>cuius</span> <span class='ocrx_word' id='word_1_386' title='bbox 962 3307 1059 3341; x_wconf 83' lang='lat' dir='ltr'>nomer:</span> <span class='ocrx_word' id='word_1_387' title='bbox 1073 3302 1115 3339; x_wconf 79' lang='lat' dir='ltr'>tan</span> <span class='ocrx_word' id='word_1_388' title='bbox 1139 3341 1141 3354; x_wconf 33' lang='grc' dir='ltr'>Ι</span> 
     </span>
     <span class='ocr_line' id='line_1_44' title="bbox 248 3351 1115 3416; baseline 0.001 -18"><span class='ocrx_word' id='word_1_389' title='bbox 248 3357 329 3416; x_wconf 67' lang='lat' dir='ltr'>paucis</span> <span class='ocrx_word' id='word_1_390' title='bbox 342 3353 417 3402; x_wconf 86' lang='lat' dir='ltr'>verbis</span> <span class='ocrx_word' id='word_1_391' title='bbox 434 3369 485 3401; x_wconf 89' lang='lat' dir='ltr'>non</span> <span class='ocrx_word' id='word_1_392' title='bbox 499 3354 604 3403; x_wconf 83' lang='lat' dir='ltr'>variasset</span> <span class='ocrx_word' id='word_1_393' title='bbox 619 3389 626 3411; x_wconf 94' lang='lat'>,</span> <span class='ocrx_word' id='word_1_394' title='bbox 642 3357 669 3403; x_wconf 79' lang='grc' dir='ltr'>δι</span> <span class='ocrx_word' id='word_1_395' title='bbox 685 3355 723 3402; x_wconf 82' lang='lat' dir='ltr'>vel</span> <span class='ocrx_word' id='word_1_396' title='bbox 738 3371 804 3407; x_wconf 85' lang='lat' dir='ltr'>eum,</span> <span class='ocrx_word' id='word_1_397' title='bbox 832 3354 869 3400; x_wconf 87' lang='lat' dir='ltr'>vel</span> <span class='ocrx_word' id='word_1_398' title='bbox 888 3355 977 3400; x_wconf 73' lang='lat' dir='ltr'>eundem</span> <span class='ocrx_word' id='word_1_399' title='bbox 991 3388 999 3410; x_wconf 95' lang='lat'>,</span> <span class='ocrx_word' id='word_1_400' title='bbox 1014 3351 1115 3404; x_wconf 79' lang='lat' dir='ltr'>dixiffot:</span> 
     </span>
     <span class='ocr_line' id='line_1_45' title="bbox 247 3410 1116 3478; baseline 0.005 -15"><span class='ocrx_word' id='word_1_401' title='bbox 247 3429 357 3478; x_wconf 76' lang='lat' dir='ltr'>practerea</span> <span class='ocrx_word' id='word_1_402' title='bbox 373 3417 412 3463; x_wconf 81' lang='lat' dir='ltr'>vix</span> <span class='ocrx_word' id='word_1_403' title='bbox 429 3416 565 3466; x_wconf 83' lang='lat' dir='ltr'>contulisset</span> <span class='ocrx_word' id='word_1_404' title='bbox 580 3418 602 3467; x_wconf 89' lang='lat' dir='ltr'>se</span> <span class='ocrx_word' id='word_1_405' title='bbox 618 3432 673 3465; x_wconf 89' lang='lat' dir='ltr'>cum</span> <span class='ocrx_word' id='word_1_406' title='bbox 689 3418 775 3477; x_wconf 83' lang='lat' dir='ltr'>equite.</span> <span class='ocrx_word' id='word_1_407' title='bbox 810 3417 867 3464; x_wconf 85' lang='lat' dir='ltr'>irem</span> <span class='ocrx_word' id='word_1_408' title='bbox 888 3431 943 3465; x_wconf 88' lang='lat' dir='ltr'>cum</span> <span class='ocrx_word' id='word_1_409' title='bbox 960 3420 1053 3470; x_wconf 79' lang='lat' dir='ltr'>Lamia</span> <span class='ocrx_word' id='word_1_410' title='bbox 1068 3410 1116 3467; x_wconf 65' lang='lat' dir='ltr'>effe</span> 
     </span>
    </p>
   </div>
   <div class='ocr_carea' id='block_1_4' title="bbox 57 3477 933 3656">
    <p class='ocr_par' dir='ltr' id='par_1_30' title="bbox 57 3477 933 3656">
     <span class='ocr_line' id='line_1_46' title="bbox 57 3477 933 3656; baseline 0.006 -128"><span class='ocrx_word' id='word_1_411' title='bbox 57 3496 194 3656; x_wconf 58' lang='grc' dir='ltr'>Ὗ</span> <span class='ocrx_word' id='word_1_412' title='bbox 241 3477 582 3543; x_wconf 53' lang='grc' dir='ltr'>1ιοιιιιιιςιιῑιιιιιιιιιιιιιιιειε,</span> <span class='ocrx_word' id='word_1_413' title='bbox 594 3496 645 3533; x_wconf 84' lang='lat' dir='ltr'>nor:</span> <span class='ocrx_word' id='word_1_414' title='bbox 657 3478 733 3533; x_wconf 79' lang='lat' dir='ltr'>fulffet</span> <span class='ocrx_word' id='word_1_415' title='bbox 743 3477 826 3535; x_wconf 78' lang='lat' dir='ltr'>hostia.</span> <span class='ocrx_word' id='word_1_416' title='bbox 857 3481 933 3542; x_wconf 66' lang='lat' dir='ltr'>vrsan-</span> 
     </span>
    </p>
   </div>
   <div class='ocr_carea' id='block_1_5' title="bbox 1036 3530 1148 3607">
    <p class='ocr_par' dir='ltr' id='par_1_31' title="bbox 1036 3530 1148 3607">
     <span class='ocr_line' id='line_1_47' title="bbox 1036 3530 1148 3607; baseline 0 0"><span class='ocrx_word' id='word_1_417' title='bbox 1036 3530 1115 3607; x_wconf 60' lang='grc' dir='ltr'>Μ’</span> <span class='ocrx_word' id='word_1_418' title='bbox 1142 3555 1148 3576; x_wconf 67' lang='grc'><strong><em>”</em></strong></span> 
     </span>
    </p>
   </div>
   <div class='ocr_carea' id='block_1_6' title="bbox 0 0 1170 3900">
    <p class='ocr_par' dir='ltr' id='par_1_32' title="bbox 0 0 1170 3900">
     <span class='ocr_line' id='line_1_48' title="bbox 0 0 1170 3900; baseline 0 0"><span class='ocrx_word' id='word_1_419' title='bbox 0 0 1170 3900; x_wconf 95' lang='lat' dir='ltr'> </span> 
     </span>
    </p>
   </div>
  </div>
 </body>
</html>
