2296 3900
215 121 537 211 rddabrntu
579 116 1018 189 Duoneormue

219 234 360 311 aliquem,
379 232 451 297 inter
463 249 516 290 nos
531 241 605 289 certe
619 245 775 305 numquam
789 226 890 287 sumus.
931 226 1002 285 audi
1025 222 1109 300 igitur

67 336 85 370 n
100 316 163 368 certe
222 311 341 369 mehor
358 307 531 378 ἀγοητεύτως
545 307 694 365 dicentem.
733 324 769 364 nc
782 306 904 373 vivam,
924 305 968 361 mi
991 302 1107 365 Attice,

69 397 108 430 ⁴⁸²
122 378 183 455 ⁶²¹5st
224 386 244 444 fi
266 386 334 445 mihi
353 402 412 443 non
434 383 523 442 modo
545 381 761 451 Tusculanum,
780 382 827 439 ubi
847 379 1022 455 necteroqui
1045 376 1105 441 sum

70 446 162 555 ffssqm
223 463 356 531 libenter,
375 459 421 519 sed
436 464 563 528 μακάρων
583 459 652 519 νῆσοι
672 459 740 516 tanti
755 457 832 525 sunt,
855 454 923 514 ¹⁶ut
935 455 998 514 stne
1013 466 1043 512 te
1055 450 1106 511 fin
1147 489 1148 498 .

96 527 122 620 “ff
151 571 178 619 Β,
225 551 300 599 totos
315 539 381 598 dies.
421 555 505 612 quare
521 535 671 594 obduretur
689 534 745 592 hoc
764 535 912 598 triduum;
934 544 969 591 ut
989 544 1020 589 te
1028 546 1105 611 'quo-
1145 605 1146 608 Ἴ

121 603 130 621 ’
225 633 280 691 que
295 632 398 691 ponam
414 614 442 672 in
456 614 558 672 eodem
573 603 659 667 adira·
692 610 769 687 quod
782 612 819 669 ita
838 608 876 667 est
896 605 1044 683 proseeid.
1061 602 1106 665 sed

73 721 90 755 o
105 705 217 751 traam.
226 693 311 750 velim
325 691 408 760 scire,
428 690 549 748 hodiene
569 687 658 746 statim
683 686 752 745 ¹7de
774 686 905 745 audione
922 728 931 753 ‚
951 696 1028 742 ⁰aut
1048 699 1103 759 quo

74 782 153 831 ecquo
168 765 218 814 die·
229 767 273 826 die
289 768 391 826 venias.
428 785 482 842 ego
498 783 545 825 me
559 766 663 823 interca
684 781 751 822 cum
771 763 873 822 libellis.
913 774 974 820 Pac
990 757 1102 818 moleste

74 834 185 940 :neugm-
229 846 290 903 sero
306 844 451 902 Vennonii
465 861 511 901 me
526 842 665 900 historiam
688 858 747 899 non
770 840 879 898 habere.
901 837 970 895 'sed
986 849 1080 895 tamen
1094 874 1104 904 ι

76 955 193 1022 Pupp.
229 919 402 981 nenihilde
423 937 479 992 re,
501 918 642 981 ¹8nomen
662 913 1102 1049 illud‚quodiCaesare,tppp

230 1182 344 1252 descripta
361 1185 412 1237 aliis
427 1184 575 1238 emendanda
589 1185 765 1252 relinquimus:
784 1196 827 1236 nec
847 1184 914 1237 enim
928 1169 985 1233 ulid
1000 1180 1103 1241 latione,

229 1251 356 1316 quomodo
366 1264 416 1299 tam
442 1250 531 1301 erversa
541 1250 649 1317 scriptura
661 1253 746 1299 melior
756 1248 821 1299 reddi
832 1246 1048 1313 posset,vidimne=
1056 1258 1104 1295 erat

229 1328 310 1363 autem
326 1313 410 1362 eadem
426 1268 475 1364 Eae
490 1313 588 1379 epistola
604 1316 629 1362 in
641 1330 692 1363 xvr.
709 1312 796 1361 librum
810 1314 896 1361 iterum
911 1311 1053 1367 inculcata,
1066 1306 1104 1358 Μ

228 1377 262 1427 ibi
272 1391 369 1440 quoque
380 1392 431 1426 non
442 1380 520 1426 minus
531 1379 595 1425 male
605 1377 693 1426 habita.
729 1379 805 1425 Vider.
877 1412 882 1419 .

263 1449 300 1489 1⁶.
317 1440 401 1499 vestm
413 1453 432 1486 re
450 1459 481 1486 oa
492 1455 544 1488 toros
555 1441 620 1499 ἀίω]
635 1440 715 1505 Magis
725 1439 827 1505 placeret
837 1451 883 1495 eor,
899 1449 1030 1504 pro-mor,
1044 1430 1107 1485 lien’

227 1499 289 1567 tiqui
299 1501 353 1553 libri
364 1517 415 1550 non
426 1516 591 1568 repugnarent.
625 1505 699 1563 vrfm.
877 1552 880 1559 ,
909 1552 912 1557 ,
950 1552 956 1559 ,

264 1581 299 1639 ¹⁷r
317 1571 352 1625 oe
366 1568 482 1626 andreae]
502 1564 555 1615 Post
575 1567 712 1625 audionern
728 1563 827 1616 refertur
850 1562 881 1622 ad
902 1560 1009 1613 verbum
1028 1564 1109 1613 Venias.

228 1627 333 1677 androni
345 1641 439 1686 autern,
455 1645 529 1693 quarn
541 1633 611 1678 Meto
622 1629 724 1679 sedunus
735 1643 784 1679 erat
797 1663 806 1687 ,
821 1629 931 1678 Atticum
947 1625 1029 1677 adesse
1043 1626 1109 1675 Cice·

229 1691 295 1738 tonis
307 1694 427 1742 intererat.
458 1707 517 1741 nant
532 1697 601 1741 Meto
611 1693 654 1741 illa
670 1694 780 1743 audione
794 1689 917 1757 proscripti
935 1688 1004 1739 bona
1018 1723 1027 1747 ,
1040 1684 1108 1745 dbia

151 1806 153 1810 ,
228 1750 321 1803 cesare
336 1752 402 1804 dono
417 1753 493 1812 data,
515 1755 650 1805 venditurus
667 1770 735 1813 erat,
750 1769 775 1804 ut
793 1755 906 1805 Ciceroni
920 1750 1030 1805 solveret
1046 1749 1107 1817 qood

104 1836 112 1849 ·
231 1810 339 1867 debebat.
358 1817 389 1866 de
400 1819 447 1868 hoc
457 1820 528 1868 latius
537 1819 618 1883 paullo
630 1819 688 1883 post.
706 1821 828 1869 P.Manur.·
894 1872 897 1878 ,
943 1866 946 1871 ,
1110 1848 1113 1853 ·

266 1887 303 1929 18.
320 1884 470 1929 Nomenillud
484 1884 568 1947 quoda
588 1885 683 1944 eustoc]
712 1880 785 1944 Quod
803 1879 837 1931 esi
853 1878 1000 1937 a‚caesare,·
1015 1870 1110 1928 meede

229 1954 326 2008 propter
337 1946 514 2019 mpnirnentum
526 1977 534 2003 ,
547 1960 585 2009 ep.
600 1953 636 1996 16.
658 1944 699 1995 lib.
714 1960 749 1994 ιν.
772 1947 798 1995 dr
814 1959 828 1993 a
843 1941 945 1993 Faberio
960 1940 1111 2015 solvendam.

230 2002 1112 2142 erubui'iuraruntfiltlirrltiftltsslfi‘znt

232 2132 258 2180 ni
272 2135 397 2195 pecuniam
416 2133 515 2184 debebat
533 2133 674 2198 proscriptus
695 2135 751 2184 civis
766 2140 945 2197 Pompeianus,
964 2131 1035 2192 cuius
1050 2130 1112 2181 bone

231 2194 310 2243 Caesar
320 2198 341 2244 ei
353 2211 408 2244 curn
424 2197 496 2246 vellet
513 2197 648 2259 publicare,
693 2194 766 2246 rmisrt
783 2210 808 2246 ur
824 2196 910 2245 Cicero
924 2188 1038 2245 debitum
1050 2190 1113 2245 snm

231 2257 345 2319 erigeret.
363 2258 419 2308 ideo
430 2260 487 2309 dicit
498 2265 599 2308 Nomen
609 2261 636 2308 ill
676 2294 683 2317 ,
695 2259 787 2325 quoda
798 2258 888 2309 Cesare
897 2258 960 2307 mibi
974 2254 1113 2308 concellum

232 2329 260 2366 ut
272 2322 384 2384 exigam,
406 2323 476 2372 tribus
492 2322 571 2371 modic
587 2323 698 2385 consequi
716 2338 817 2388 potero,
839 2322 965 2385 emptione
990 2320 1023 2371 ab
1037 2320 1113 2379 hasla.

232 2379 386 2447 delegatione
401 2399 415 2433 a
430 2387 539 2449 mancipe
555 2388 580 2436 dr
597 2384 694 2436 semisle.
727 2392 758 2435 Ut
770 2385 855 2441 scilieet
866 2399 950 2435 emam
964 2384 994 2433 in
1004 2386 1113 2435 audiione

233 2458 265 2518 ex
276 2445 397 2558 proscripti
411 2449 480 2498 bonis
495 2463 612 2514 qnantum
628 2447 683 2498 satis
700 2448 733 2499 est
750 2464 793 2514 pro
805 2448 887 2509 debito
898 2462 980 2505 meo,
1001 2449 1042 2497 vel
1053 2444 1114 2498 solu·

234 2519 353 2557 tronema
382 2524 472 2562 annum
482 2513 754 2577 accipiamatmancipe,
772 2514 812 2576 qui
823 2512 865 2560 illa
879 2509 947 2559 bona
960 2511 989 2559 in
1004 2510 1113 2561 wffione

235 2572 310 2646 eruit}
326 2574 363 2621 vel
375 2571 478 2639 denique
487 2578 513 2626 in
524 2575 631 2639 praesenti
642 2578 740 2638 pecunia
752 2576 866 2639 accipiam
881 2572 1014 2623 dimidiam
1023 2584 1114 2640 partem

235 2632 318 2682 debitr.
351 2637 395 2685 Sed
415 2641 504 2702 priores
520 2639 569 2687 duo
584 2637 652 2688 modi
675 2641 774 2688 minime
794 2638 853 2697 milri
875 2635 1016 2702 probantur.
1047 2641 1114 2687 Nem

236 2695 334 2761 perdere
349 2691 417 2749 malo
433 2717 506 2765 qnam
521 2718 599 2751 emere
615 2699 700 2765 proscri
718 2703 737 2751 ti
752 2703 809 2752 civis
824 2700 888 2757 bona
905 2696 1012 2760 subiedia
1026 2699 1112 2759 nasta,

238 2758 307 2823 quod
317 2758 392 2823 ipsum
403 2779 453 2813 non
467 2764 542 2814 modo
552 2765 585 2813 cst
596 2778 677 2830 turpe,
702 2764 731 2815 ed
742 2767 813 2814 eriam
826 2764 859 2813 est
869 2763 966 2826 perdere
973 2781 985 2821 5
999 2766 1115 2829 quoniam

241 2823 307 2870 male
317 2822 438 2885 quaesitum
453 2830 501 2879 cito
513 2826 613 2891 disperit.
648 2833 678 2877 Et
699 2843 772 2891 quam
787 2827 923 2900 mancipem
937 2827 1037 2877 credam
1057 2828 1115 2879 mihi

242 2885 392 2935 soluturum?
408 2903 462 2938 curn
474 2892 497 2940 id
516 2906 589 2954 genus
604 2890 731 2940 hominum
748 2889 776 2939 fit
791 2887 978 2939 Cesarranarum
994 2890 1114 2953 partium

243 2962 284 2996 tut
295 2948 392 3022 quando
407 2956 486 3002 veniet
503 2969 577 3001 annus
593 2953 704 3004 solutioni
721 2953 866 3018 praefinitus?
882 2959 975 3001 Annua
985 2956 1054 3005 enim
1069 2955 1116 3005 dee

244 3025 361 3076 mancipis
372 3016 413 3064 erit
424 3015 472 3081 ipse
483 3017 589 3065 Metonis
600 3031 684 3068 annus.
704 3019 737 3067 ita
747 3017 814 3066 tarde
823 3017 917 3065 solvunt
933 3019 1077 3082 mancipe,
1091 3019 1117 3069 de

245 3085 329 3146 parum
343 3090 423 3127 curant
442 3080 546 3144 prestare
567 3080 641 3130 fidem
658 3115 665 3137 ‚
684 3096 747 3131 nunc
763 3078 886 3145 presertim
908 3080 934 3127 in
955 3092 1118 3133 cantarem

246 3149 356 3208 omnium
371 3145 551 3201 perturbatione.
583 3146 692 3203 Metonis
703 3160 778 3192 annus
789 3142 969 3206 proverbialiter
983 3144 1025 3194 lric
1039 3145 1121 3197 dicitur

246 3190 382 3260 longrffima
393 3204 477 3255 dilatio
489 3241 495 3261 ‚
512 3207 540 3255 ab
549 3223 579 3256 eo
589 3207 654 3270 quod
668 3210 774 3257 Metonis
786 3205 925 3255 astronomi
934 3220 1015 3258 annue
1029 3208 1122 3261 conde·

247 3255 287 3305 bat
298 3261 432 3317 octodecim
446 3272 513 3318 annis
524 3271 645 3322 solaribus.
679 3269 808 3319 Ausonius:
1068 3306 1071 3311 .

482 3362 572 3375 -—
586 3341 634 3380 Non
648 3350 715 3379 annus
729 3336 811 3393 longior
825 3333 864 3379 ille
877 3331 920 3391 est,

415 3398 499 3440 Attica
509 3412 571 3459 quem
582 3398 640 3443 dolii
649 3399 731 3458 collegit
741 3413 792 3443 cura
803 3398 916 3443 Metonis:

248 3445 280 3498 ὃ*
290 3460 339 3513 ‘1¹10
354 3456 512 3509 monuerim
530 3461 669 3520 vitruvius,
694 3458 816 3512 Diadume
825 3457 936 3519 muru,
949 3458 1003 3517 elii.
1038 3458 1131 3581 baffi
