2296 3900
211 146 296 223 1516
440 145 628 211 brana
670 143 886 211 Nouus

211 259 295 316 etiam
310 258 346 316 ad
360 274 407 316 me
424 254 565 316 ¹⁸Matius
582 257 854 335 ¹9Quinqu'atribus,
873 256 965 319 humo
980 253 1093 315 mehen'

204 327 291 402 cole,
311 347 342 392 ut
355 335 425 393 mihi
439 334 508 394 visus
521 334 575 402 est,
595 346 763 410 temperatus
785 336 815 393 ὅ(
836 333 971 410 prudens:
994 334 1093 392 ²0exi-

212 409 334 468 stimatus
348 411 462 486 quidem
477 411 515 469 est
529 411 637 486 semper
651 411 748 470 audior
761 411 821 469 otii.
859 409 945 486 quarn
961 409 1008 469 ille
1028 410 1093 468 haee

58 491 205 560 publili,
214 505 273 545 non
288 486 403 562 probare
416 488 486 545 milri
499 487 613 562 quidem
628 488 698 546 visus
711 488 769 549 elli
785 485 870 564 quim
885 486 959 544 illam
974 487 1093 563 saevias,

214 577 246 622 ut
260 576 291 621 tu
313 565 453 638 appellas,
478 565 601 622 timere!
627 566 695 622 huic
724 582 778 640 ego
799 565 828 622 in
850 564 939 621 multo
960 562 1094 622 sermone

214 639 356 716 epistolam
371 641 405 698 ad
419 658 465 698 me
480 639 592 700 Caesaris
605 640 727 710 ostendi,
748 658 810 698 eam
820 640 913 714 ,cujus
928 639 1092 715 exemplum

115 778 132 797 χ
215 717 250 774 ad
269 729 299 774 te
320 729 400 774 antea
423 716 505 783 misr;
527 719 696 793 rogavique,
717 729 748 774 ut
762 719 1001 792 interpretaretur,
1023 715 1092 792 quid

80 3410 308 3670 l,

215 790 299 861 esset,
318 793 396 869 quod
410 793 454 850 ille
476 792 626 861 scriberet,
646 792 760 852 consilio
782 811 849 850 meo
877 791 903 850 se
925 793 966 849 uti
993 791 1092 862 velle,

215 867 318 944 grand,
337 869 490 943 dignitate,
512 887 567 943 ope
588 886 679 927 rerum
701 870 840 927 omnium.
879 867 1045 942 respondit,
1066 868 1092 928 se

216 964 277 1006 non
291 946 431 1013 dubitare,
451 946 517 1020 quiri
534 947 564 1002 &
578 963 681 1020 opem,
701 947 858 1020 &gratiam
880 962 974 1002 meam
995 945 1043 1003 ille
1058 945 1093 1005 ad

216 1020 439 1098 pacificationem
454 1033 598 1098 quaereret.
636 1023 741 1097 utinam
756 1022 868 1098 aliquod
882 1023 911 1080 in
924 1021 976 1092 hac
986 1021 1093 1082 miseria

217 1098 375 1172 reipublicae
391 1099 533 1154 πολιτικὸν
546 1116 616 1172 opus
630 1097 737 1156 efficere
754 1098 783 1156 &
798 1115 897 1158 navare
913 1098 983 1156 mihi
997 1098 1090 1172 liceatl

217 1174 321 1244 Matius
336 1173 449 1250 quidem
464 1175 493 1234 ὅ(
508 1174 628 1247 illumin
644 1192 676 1234 ea
688 1174 820 1250 sententia
841 1171 894 1243 elie
915 1172 1093 1245 confidebat,

218 1457 299 1512 eim,
314 1453 446 1511 enatasset,
463 1469 592 1520 antequam
614 1455 702 1505 Matius
712 1453 743 1505 ad
753 1454 776 1505 se
786 1453 897 1511 veniffet,
913 1455 955 1517 qui
967 1453 1041 1503 Marii
1053 1451 1094 1502 ad·

220 1532 304 1565 sentus
315 1517 357 1566 fuir
374 1519 461 1566 eodem
475 1521 572 1582 quidem
588 1520 643 1576 die,
661 1520 699 1568 sed
714 1519 743 1568 ed
760 1519 819 1567 bord
835 1520 882 1581 qud
900 1520 1093 1582 Quinquatruum

218 1581 341 1632 celebritas
352 1581 475 1644 agebatur,
492 1583 572 1647 postea
582 1599 635 1630 cum
646 1584 761 1647 reliquam
777 1595 869 1645 partem
884 1583 987 1645 epistolas
1007 1596 1040 1629 ex
1057 1584 1094 1629 in·

220 1644 322 1699 pervallo
340 1659 488 1708 perterreret,
510 1650 535 1697 δι
553 1647 681 1694 adveutum
697 1647 768 1694 Marii
783 1648 807 1693 in
828 1660 856 1692 ea
871 1658 993 1698 narraret,
1012 1647 1093 1708 potius
1126 1680 1132 1689 .

218 1704 305 1773 scripsit
317 1709 380 1766 Quin
399 1708 499 1757 uatribus
511 1725 564 1758 eum
578 1707 677 1763 venisse,
693 1707 917 1769 quameodemdie,
935 1722 1022 1771 nempe
1029 1722 1093 1773 xiii,

218 1771 272 1818 Kal.
286 1772 372 1833 Aprilis
381 1723 594 1836 supradictique,
612 1775 636 1821 ὅ(
650 1773 731 1836 paullo
741 1771 791 1835 post
803 1805 810 1826 ,
822 1774 907 1834 pridie,
922 1771 1092 1834 potiusquam,

218 1835 264 1878 bei
270 1868 277 1889 ,
293 1835 358 1896 quod
369 1850 418 1882 non
430 1835 505 1883 modo
517 1836 580 1883 diem
592 1833 707 1883 advenitis
718 1836 837 1890 Matiani,
854 1833 893 1883 sed
909 1836 982 1882 eriam
997 1849 1092 1898 partem

220 1897 270 1955 ejus
281 1898 326 1945 diei
339 1931 346 1953 ,
362 1898 410 1960 qud
422 1913 530 1954 venerat,
546 1899 649 1947 indicare
658 1899 738 1947 vellet.
773 1898 850 1955 Rufius.

254 1968 288 2009 ss.
307 1965 412 2018 diarius]
427 1966 473 2018 Qu,
486 1963 575 2010 Matius
587 1960 671 2010 cesari
682 1959 825 2015 familiaris,
841 1974 912 2021 eques
930 1964 1059 2007 Romanus
1071 1974 1091 2010 r.

219 2023 331 2075 famer.
349 2026 375 2073 ἃ
387 2033 423 2072 28.
441 2025 556 2075 lnfixrrr.
566 2043 602 2081 50.
619 2031 677 2073 Tac.
688 2039 737 2074 xri,
762 2031 826 2072 Arm.
839 2032 876 2071 60.
898 2024 950 2069 Fuit
962 2024 1037 2070 etiam
1048 2037 1094 2070 uos

219 2082 275 2132 bilis
284 2088 371 2207 podtJa,
386 2089 450 2145 cuius
461 2087 595 2155 fragmenta
605 2087 652 2137 vid.
667 2086 728 2151 apud
738 2088 821 2150 scalig.
833 2085 859 2134 in
872 2091 971 2136 vanos.
982 2085 1013 2132 de
1026 2089 1055 2135 L.
1064 2089 1091 2135 1..

237 2163 303 2207 .149.
354 2153 495 2201 wranov.

220 2161 236 2210 P
258 2226 294 2264 19.
309 2213 513 2278 Qinquarribus.]'
526 2213 625 2262 xviiial.
640 2219 695 2274 Api.
703 2245 711 2268 ,
719 2224 745 2259 ut
756 2210 794 2260 hic
804 2211 882 2260 videre
892 2212 994 2267 licem&
1006 2208 1039 2259 sic
1049 2227 1093 2260 vo·

226 2271 280 2322 lunt
296 2275 336 2324 alii
357 2291 432 2326 xrrri.
453 2278 502 2327 ital.
528 2285 582 2339 apr.
599 2273 667 2325 fuisse
690 2275 728 2323 vel
748 2275 820 2340 paulo
839 2289 895 2322 ante
914 2276 1008 2337 legatur
1030 2289 1093 2325 amr.

184 2362 185 2367 =
227 2340 313 2386 currad.
345 2338 420 2387 Redit
438 2341 497 2389 milri
514 2339 605 2389 videtur
626 2339 748 2388 Manutius
764 2340 956 2401 Quinquatribus,
977 2335 1096 2401 glossema

224 2397 329 2462 putasse:
344 2401 374 2449 ad
384 2400 448 2451 diem
458 2417 533 2454 xiiii.
545 2400 598 2452 Kal.
611 2410 667 2464 Aps.
678 2400 740 2448 illud
749 2415 830 2449 tamen
860 2402 916 2469 n'am
925 2400 989 2451 reil‘e
1000 2401 1095 2456 nescio,

228 2463 291 2514 lianc
306 2464 409 2528 epislolae
423 2479 514 2530 partem
540 2482 590 2514 non
610 2465 697 2514 eodem
717 2416 908 2528 scripturasque
933 2464 980 2515 die.
1018 2465 1097 2514 Potuit

228 2529 294 2582 enim
307 2528 396 2578 Marius
407 2544 445 2584 xv.
458 2530 511 2578 Kal.
523 2529 553 2578 ad
564 2530 706 2578 Ciceronem
721 2528 800 2575 uenire
813 2544 819 2574 :
834 2526 897 2589 Quid
912 2528 955 2576 ni?
978 2527 1096 2593 &pridie

226 2593 276 2647 eius
292 2590 358 2647 diei,
380 2594 421 2653 qui
435 2605 484 2641 erar
498 2592 650 2642 Liberalibus.
683 2589 818 2654 Craffipesz
843 2591 968 2654 postquam
984 2592 1096 2642 videlicet

224 2671 306 2766 ratanes
322 2652 420 2705 dedisset
443 2657 558 2713 litteras,
595 2670 647 2721 que
670 2654 808 2718 incipiunt,
837 2657 888 2702 Tris
913 2655 1097 2719 epistolicam,

222 2721 290 2770 Mala
317 2719 363 2768 ina.
446 2742 452 2755 =

257 2733 455 2840 zuptcrssimaus
465 2784 553 2845 quidem
565 2781 594 2842 est
604 2782 827 2845 [imperatorii]
842 2783 957 2843 Quamvis
975 2795 1096 2845 receptam

224 2845 354 2894 lectionem
370 2860 420 2892 non
438 2845 591 2906 improbem,
612 2858 693 2894 tamen
708 2844 764 2905 quia
782 2846 901 2908 antiquior
913 2845 996 2893 nollet
1017 2844 1096 2894 codex

224 2910 374 2972 aliquantum
388 2907 417 2956 ab
428 2921 457 2956 ea
467 2907 598 2971 discrepat,
615 2923 664 2956 non
678 2909 763 2956 veritus
779 2905 829 2956 sum
848 2909 914 2970 (licet
931 2910 1094 2982 inquinatam)
1127 2917 1129 2922 ’

162 2992 166 2996 ·
221 2972 286 3021 illius
301 2971 435 3034 scripturam
452 2985 536 3020 notam
552 2986 579 3020 ac
595 2970 703 3020 testatam
719 2971 815 3019 facere:
833 2986 889 3035 pro,
904 2974 977 3017 endor
992 2976 1035 3017 orii
1049 2973 1097 3047 igr·

221 3047 273 3092 tur,
288 3037 414 3082 auclerirari
424 3035 466 3083 ille
475 3034 553 3083 habet.
571 3032 655 3094 judicet
666 3048 728 3081 nunc
739 3033 768 3081 de
778 3034 826 3082 hoc
835 3034 933 3097 quisque
944 3049 986 3096 pro
1003 3032 1045 3084 suo
1057 3052 1096 3084 m-

222 3101 301 3163 genio.
335 3101 463 3147 auctorem
477 3098 541 3146 huuc
555 3099 635 3161 pacis,
661 3097 699 3144 rel
715 3098 794 3209 potius
812 3113 860 3145 non
878 3096 1013 3159 suscipiendi
1036 3098 1095 3148 belli

222 3160 384 3223 gracillimum
394 3163 480 3210 Cicero
492 3162 517 3209 in
528 3160 626 3223 epistola
643 3159 673 3208 ad
690 3161 713 3224 ip
723 3170 763 3208 mn
780 3158 863 3223 scripta
878 3161 988 3225 appellat.
1023 3174 1100 3222 quare

186 3234 193 3253 ·
222 3238 276 3275 eum
292 3224 396 3272 hominis
407 3237 489 3273 natura
499 3236 595 3286 recepta
605 3222 703 3272 lessioni
713 3221 871 3288 respoudeat,
888 3227 911 3272 dt
930 3221 1006 3271 sermo
1024 3225 1097 3274 Cice·

221 3290 276 3337 toni
290 3287 413 3335 familiaris
429 3284 457 3334 fir
475 3288 544 3349 (nam
559 3285 676 3349 quosdam
687 3289 760 3335 ctiam
777 3285 817 3335 lib.
824 3301 900 3336 irriti.
917 3299 1010 3334 autores
1020 3288 1098 3335 latro·

220 3351 277 3398 cirrii
288 3349 403 3414 appellat)
420 3349 483 3398 reste
497 3351 558 3398 milri
570 3350 653 3398 videor
663 3349 701 3398 hic
712 3350 814 3412 antiquo
828 3349 904 3398 codici
917 3349 1097 3398 fidemnonha·

219 3411 304 3462 baisse:
320 3412 375 3468 ciam
385 3425 467 3460 tamen
478 3413 533 3461 rarb
542 3412 615 3460 soleat
626 3413 667 3461 ille
679 3427 787 3476 peecare,
803 3429 854 3464 nou
868 3413 964 3464 malum
979 3411 1026 3462 suit
1043 3428 1098 3477 pet·

215 3474 333 3530 ausones
343 3476 418 3531 mam
426 3475 493 3529 illius
502 3474 625 3543 adnotate.
660 3479 739 3539 Videt.

1017 3561 1060 3595 u.
1071 3554 1108 3606 la„
