2296 3900
206 132 291 231 1978‘
341 144 361 167 ·’
392 124 530 207 Irrirtrt
565 100 947 209 'st'xr'usnee'ritui
987 101 992 115 ⁸

455 360 747 411 'EPISTOLA
777 363 818 413 11.

342 488 884 615 ercurio-arrico
923 516 953 577 s.

207 669 354 779 SExro
373 672 434 733 idus
447 672 513 734 duas
528 675 653 750 epistolas
668 674 763 750 accepi
778 716 787 742 ,
813 690 898 730 unam
925 671 942 730 a
957 688 1028 731 meo
1046 680 1084 729 ta-

95 760 120 808 r.
141 760 168 809 tt.
259 749 394 819 bellario,
413 750 577 812 alteramve
592 752 677 811 Bruti.
703 752 750 811 De
772 750 921 809 Buthrotiis
936 747 1024 825 longe
1037 748 1084 805 alia

58 818 163 895 ‘Uel'
175 822 200 869 in
209 825 283 889 fama
297 827 326 885 in
340 828 381 884 his
394 827 461 886 locis
476 829 565 887 iuerat
580 850 588 888 ι
609 830 654 889 sed
670 846 736 887 cum
750 829 808 887 aliis
821 826 916 884 multis
930 828 1084 887 hocferen·

57 884 120 937 ⁴⁸³⁸·
208 900 287 962 dum.
324 903 442 963 Erotem
459 905 551 964 remisi
564 906 643 965 cirris
668 908 753 982 quam
775 904 974 963 constitueram
992 944 1001 973 ,
1021 912 1084 958 ²⁰ut

209 975 276 1039 effer
290 982 338 1057 qui
351 982 505 1042 Hortenlio
521 1003 528 1042 ι
550 984 658 1060 &quia
673 995 701 1025 2¹
712 982 848 1061 equitibus
861 981 982 1057 quidem
1004 977 1081 1113 aitdie

1036 1072 1082 1113 rr·

240 1230 280 1265 ιο.
296 1219 330 1261 vt
339 1215 388 1273 effa
396 1231 445 1263 cum
456 1214 585 1274 florentie]
614 1211 771 1270 Horrendus,
784 1210 866 1262 cluuii
880 1211 974 1268 heres,
990 1206 1084 1281 que-illi

209 1275 329 1327 bonorum
341 1278 513 1327 Cluvianorum
524 1293 578 1343 pers
589 1293 618 1331 ex
633 1278 764 1329 hereditate
779 1276 928 1332 obvenerat,
946 1289 1003 1323 eam
1017 1276 1084 1321 cree-

209 1338 265 1397 r'urti
278 1340 383 1391 vendidit
395 1342 523 1397 coheredi‚
555 1342 656 1391 aliusue
672 1342 772 1405 pecunia
786 1338 828 1388 libi
843 1339 918 1387 tribus
935 1335 1085 1409 penfionibus

208 1416 377 1455 numeraretur.
409 1419 439 1453 err
451 1407 479 1453 iis
490 1358 641 1469 pergenium
653 1408 740 1453 Cicero
753 1403 811 1451 duas
826 1400 931 1451 solverat
944 1436 952 1459 ,
971 1402 996 1451 δι
1007 1414 1086 1457 mato·

208 1482 259 1525 rem
270 1469 344 1517 etiem
359 1469 431 1515 tertie
446 1483 538 1532 partem
554 1483 610 1519 ante
623 1462 692 1516 'diem
707 1466 819 1517 solutioni
838 1465 997 1530 prefinitum,
1012 1460 1084 1511 idest

208 1543 266 1579 ente
276 1532 329 1580 Kal.
341 1531 447 1580 Sextilis:
466 1545 491 1579 ut
502 1531 651 1595 impudenter
661 1531 749 1580 faceret
766 1528 906 1578 Hortenlius
918 1562 926 1585 ,
944 1528 1003 1591 qiri,
1017 1526 1086 1589 quod

209 1591 252 1644 libi
262 1607 292 1641 ex
303 1599 373 1643 tertie
382 1593 494 1658 penlione
503 1595 636 1652 deberetur,
653 1609 708 1644 ante
720 1594 783 1643 diem
794 1591 923 1656 postularet
935 1625 944 1649 ‚
959 1606 1014 1639 eum
1029 1604 1086 1653 prz-

208 1654 290 1704 sertim
302 1659 350 1715 ejus
361 1655 430 1721 ipfius
441 1658 560 1721 penlionis
577 1661 694 1720 majorem
711 1660 758 1719 jam
773 1670 864 1721 partem
879 1654 1002 1720 exegiiiet.
1036 1656 1086 1705 liet

209 1719 241 1768 (le
254 1734 278 1768 re
287 1735 324 1783 ep.
335 1737 354 1770 r.
371 1735 425 1769 cum
437 1723 529 1784 inquit:
546 1725 691 1785 Diligentius
707 1739 731 1769 ut
740 1720 783 1782 est,
798 1720 931 1767 coheredibus
944 1733 983 1782 pre
997 1720 1085 1766 cluvie-

208 1800 235 1830 ιιι
247 1785 353 1843 Kalendis
363 1786 481 1832 Sextilibus
492 1784 634 1849 persolutum
645 1800 670 1833 ut
682 1737 718 1833 ile.
751 1790 807 1847 Quo
818 1797 847 1831 err
860 1782 918 1831 loco
934 1816 942 1838 ,
960 1798 1012 1831 non
1026 1786 1086 1829 iint-

208 1846 310 1896 renium
321 1847 396 1895 modo
408 1883 415 1905 ,
432 1845 469 1896 sed
481 1852 507 1898 δι
518 1864 608 1898 ceteros
619 1848 747 1897 coheredes
759 1847 869 1895 ciceroni
882 1842 1086 1909 vendidiffe,qn2

209 1909 258 1957 illis
270 1911 368 1959 Cluvius
379 1910 521 1960 testamento
533 1913 664 1976 legaverat,
681 1913 824 1976 perlpicuum
834 1908 875 1957 est.
892 1914 918 1957 Ρ.
932 1914 1024 1957 Manui.
1054 1914 1087 1954 ve

209 1974 256 2033 fiet
266 1979 306 2032 qui
318 1976 440 2033 Horrenfio:
457 1978 484 2028 ιφ
494 1981 548 2039 quia
561 1979 705 2037 munitae]
733 1972 813 2021 Bolius
830 1972 879 2019 haec
894 1987 925 2019 ex
943 1974 1049 2022 Tornael.
1062 1974 1086 2021 de

209 2037 562 2101 ernie11.vuigb,ueeffitcum
574 2039 699 2095 Hortenfio:
716 2042 741 2090 &³
768 2042 806 2084 uia
817 2038 934 2095 equitibus.
962 2037 1045 2097 lunius
1058 2048 1086 2084 ex

209 2101 345 2160 eonieiiura
360 2108 385 2151 be
403 2103 490 2161 iudicio
506 2100 547 2150 suo
564 2103 587 2151 se
600 2100 632 2151 fic
647 2100 734 2151 restitui
754 2116 768 2150 e
783 2100 919 2163 gloriatur,
942 2113 969 2147 ut
985 2100 1034 2160 effet
1048 2104 1086 2162 qni

209 2164 318 2222 Hortensto
330 2166 356 2216 ἐπ’
367 2168 506 2216 coheredibus.
540 2167 626 2215 Cleric.

241 2242 279 2274 21.
296 2230 432 2289 Equitius]
448 2230 566 2292 Eqm'ribus
576 2228 656 2278 invitis
665 2227 730 2277 libris
741 2223 851 2275 omnibus
861 2240 891 2273 ex
902 2224 1043 2284 conjectura
1053 2239 1089 2273 re·

207 2286 285 2357 posuit
295 2288 391 2347 uofim,
406 2306 432 2340 ut
444 2292 516 2342 vides.
550 2292 595 2340 Sed
605 2306 645 2341 eur
656 2289 803 2354 repudiemus
821 2288 885 2336 hunc
898 2289 1013 2337 codicum
1029 2303 1086 2337 con·

206 2348 299 2409 densum
310 2352 376 2400 nulla
385 2353 452 2403 causa
463 2354 504 2404 est.
537 2357 594 2416 quin
607 2386 616 2411 ,
631 2353 673 2405 etsr
689 2357 832 2418 reperiantur
848 2351 1013 2408 membrana,
1037 2366 1086 2416 que

207 2408 364 2525 suffiafentut
373 2415 413 2465 hie
424 2418 521 2480 ingenio
532 2416 607 2476 Bosii,
623 2432 662 2465 eas
676 2432 757 2466 tamen
769 2417 834 2472 aliis,
849 2431 902 2478 que
912 2431 960 2478 prae
971 2416 995 2465 l'e
1009 2414 1085 2466 ferunt

206 2482 278 2589 §quiri
289 2495 329 2537 ut,
338 2492 484 2544 anteponere
493 2481 531 2531 fas
542 2497 592 2530 ιιοιι
604 2478 669 2530 efl’et.
702 2481 788 2529 Cicero
801 2480 866 2527 enim
877 2478 937 2527 duas
947 2476 1037 2529 eauffas
1052 2478 1087 2528 af·

219 2554 271 2599 ert,
286 2545 403 2593 euteitius
412 2558 486 2608 quam
497 2546 612 2608 cogitarat
622 2543 736 2593 remiserit
748 2549 854 2592 Erotem.
888 2545 974 2591 Altera
993 2555 1044 2591 erat
1059 2558 1084 2593 ut

206 2604 336 2655 Horrenfio
358 2606 458 2657 solveret
480 2607 639 2671 impudentius
663 2608 776 2671 urgenti,
802 2606 877 2655 altera
893 2607 951 2670 quia
967 2605 1086 2667 equitibus

205 2667 357 2719 melanem
369 2670 454 2721 idibus.
488 2677 537 2721 iias
547 2668 680 2721 fuissemus
692 2670 811 2732 Quintiles
828 2668 920 2718 constat
938 2683 968 2716 ex
984 2669 1086 2732 epistola

204 2727 346 2795 stapedum*
363 2732 408 2782 sed
425 2736 520 2798 Equiria
533 2733 610 2785 idibus
626 2734 720 2783 Martiis
736 2745 775 2780 aut
793 2731 913 2798 Aprilibus
934 2731 1086 2781 celebraban-

205 2804 257 2850 tur,
274 2808 298 2844 ut
310 2811 340 2845 ea
353 2798 435 2846 Ovidii
445 2798 516 2847 Fastis
526 2796 625 2847 constat.
658 2804 741 2860 inepte
752 2797 822 2859 igitur
833 2796 894 2844 hane
909 2792 1017 2843 cauffam
1029 2796 1086 2845 alle-

204 2856 280 2919 gass'et
291 2860 377 2909 Cicero
388 2860 544 2910 festinationis
557 2863 582 2909 in
589 2859 734 2911 remittendo
747 2856 858 2915 Erote,fi
868 2857 922 2922 post
931 2859 970 2907 lex
984 2858 1086 2922 septem·

204 2935 235 2969 ve
244 2920 336 2971 menses
347 2924 444 2973 demum
454 2923 496 2974 libi
507 2923 626 2989 agendum
640 2921 696 2973 esset
718 2938 772 2971 cum
793 2925 840 2977 iis,
856 2922 943 2985 quibus
958 2922 1086 2971 constitue·

202 2996 250 3033 rat.
281 2990 335 3035 Nec
346 2988 378 3037 est
391 3003 415 3037 ut
427 2988 548 3037 Fastorum
560 2988 720 3037 mutationem
737 2985 878 3047 fingamus,
899 3000 956 3033 cum
967 2985 1019 3035 hec
1034 2984 1086 3035 scri·

221 3046 273 3099 ierit
285 3065 335 3097 ιιοιι
353 3053 427 3116 longe
442 3052 569 3116 postquam
586 3066 662 3099 annus
678 3049 796 3098 correctns
812 3049 995 3099 &constitutus
1009 3064 1058 3097 erat
1071 3063 1085 3097 a

202 3061 269 3173 lulio
285 3113 393 3172 cesare,
415 3129 440 3165 ιιι
456 3114 611 3165 intercalandi
628 3114 724 3161 lieentia
740 3127 792 3159 nen
809 3113 879 3161 fuerit
895 3113 955 3159 dum
970 3112 1086 3163 turbatus.

202 3176 338 3223 Retinenda
350 3180 420 3241 igitur
435 3179 550 3229 librorum
564 3191 669 3227 veterum
685 3175 814 3239 scriptura,
832 3178 898 3234 eujus
915 3175 966 3224 liae
983 3176 1018 3227 est
1035 3174 1086 3226 sen·

203 3239 465 3291 tentia‚aceeierandus
476 3242 520 3291 fuit
532 3241 620 3290 reditus
636 3240 751 3295 iroth&
761 3252 857 3301 propter
872 3238 1045 3293 Horrenlium‚
1061 3241 1085 3287 ie

223 3301 261 3347 uia
271 3300 350 3349 idibus
361 3304 512 3354 constituerat
524 3304 641 3369 equitibus
653 3337 660 3359 ‚
683 3303 730 3351 boc
741 3307 775 3351 eli
790 3334 797 3357 ,
829 3299 952 3351 romiserat
968 3302 1086 3366 equitibus

203 3313 415 3417 {numeraturum
433 3367 479 3416 eli'e
500 3370 642 3430 pecuniam,
658 3381 732 3430 quam
749 3318 870 3421 debebat,
897 3364 979 3413 idibus
1000 3364 1085 3415 scilieet

201 3425 361 3495 Quintilibus,
383 3446 434 3495 quae
450 3431 576 3480 instabant.
593 3435 660 3479 Nam
681 3430 730 3478 haec
747 3428 838 3477 videtur
855 3444 877 3477 v.
896 3426 952 3476 idus
967 3430 1088 3494 Qrintiles

203 3483 354 3559 edelmrptat
372 3493 502 3555 constituere
512 3498 582 3561 eiiqri
593 3507 633 3547 aut
643 3510 692 3547 ciem
703 3496 778 3563 aliquo
790 3490 824 3543 est
834 3493 966 3545 contenire
978 3507 1034 3544 cum
1046 3492 1089 3539 aii·

919 3596 922 3601 .
1041 3568 1092 3621 quo
