2296 3900
167 152 169 158 .
226 77 308 185 1792¹
397 99 536 164 Lrnnn
578 70 1048 162 Trnr'rnsnrcrorus·'

229 220 306 279 enim
320 217 468 287 sustinent,
486 212 602 275 fedolio
616 213 705 274 modo
726 215 870 290 remigant.
909 211 942 271 id
960 210 998 270 ab
1022 207 1103 285 inopi

139 342 145 352 .
174 338 182 356 .
228 295 443 356 remotiffimum
464 292 510 353 est.
548 307 633 368 quare
661 292 768 361 facies,
795 302 826 349 ut
846 291 884 349 ita
903 288 993 348 suin
1013 287 1102 357 libro,

226 371 471 449 quemadmodum
485 370 557 428 fuit.·
584 367 696 428 8¹dices
717 369 774 427 hoc
795 366 871 426 idern
892 365 1042 434 Varroni,
1060 365 1102 424 nili

226 445 301 509 forte
315 450 443 508 mutarit.
481 445 571 505 ⁸²nee
584 445 622 504 est
635 447 734 504 melius
746 444 920 522 quidquam,
934 439 963 497 ⁸3
973 441 1065 519 quim
1075 452 1103 501 ut

140 558 149 581 o
229 527 362 587 Lucullus
384 522 547 598 848uflt'near
575 542 681 580 currum
703 564 718 591 ,.
745 536 777 581 ut
792 521 872 578 bonus
886 522 951 597 supe
970 519 1103 594 agitator,

228 623 359 682 equosque.
397 600 559 677 semperque
581 598 738 658 Carneades
774 596 908 669 προβολὴν
940 594 1045 672 pugilis
1075 597 1102 655 lle

919 702 928 712 ν
1065 688 1104 731 te·

230 794 296 845 enlm
307 797 332 847 in
342 794 447 860 portibus
457 807 545 860 puppes
556 791 586 841 ad
597 792 663 843 lictus
679 794 796 858 applicare
810 827 818 850 ‚
833 778 872 840 ne=
880 799 984 857 porrum
998 785 1101 850 egress'rtri

229 872 371 924 cogerentur
387 872 473 907 navem
488 871 632 907 convertere.
666 860 728 906 ilinc
738 859 825 922 po‘e'ta:

370 929 462 970 erocoeo
471 923 497 968 de
509 933 575 983 prom
585 923 671 980 jacitur
681 954 689 976 ,
699 920 745 980 stat
754 923 817 969 liuore
824 924 907 984 puppis.

232 983 306 1046 Quod
316 986 398 1034 Latini
409 985 489 1033 dieunt
505 984 616 1038 inhr'bere,
631 997 686 1031 eum
701 984 813 1042 nimirum
829 983 952 1047 remiges,
968 992 1012 1031 aut
1028 976 1101 1051 sedili!
1138 1028 1140 1041 ¹

232 1060 367 1104 mutantes,
383 1047 449 1111 quod
460 1048 484 1094 in
495 1045 624 1107 majoribus
633 1044 731 1095 navibus
741 1046 879 1103 faciebant,
896 1058 957 1102 aut,
973 1056 1001 1092 ut
1019 1043 1045 1090 in
1061 1056 1100 1089 rnt·
1138 1056 1140 1089 ε

231 1109 347 1167 notibus,
363 1111 431 1158 aliter
444 1123 523 1159 ternos
538 1122 681 1166 moventes,
702 1109 749 1157 lroc
763 1108 815 1165 est,
835 1109 906 1157 retnis
921 1104 1101 1160 incumbentes,
1136 1106 1140 1113 “

230 1186 287 1221 cum
298 1186 369 1222 antea
377 1187 441 1222 retro
451 1171 473 1221 se
483 1171 616 1229 flederenn
634 1174 659 1220 in
670 1173 767 1236 puppim
778 1171 909 1235 remigant,
923 1183 950 1219 ut
963 1171 1033 1219 navis
1044 1180 1101 1217 retro

232 1237 260 1284 dt
270 1235 351 1284 cessim
363 1250 415 1293 eat,
426 1236 473 1285 hoc
483 1235 570 1284 Grecis
580 1238 680 1297 πρύμναι
691 1236 810 1292 epe'oeller
826 1236 936 1283 dixerunt
950 1247 1033 1283 autem
1042 1229 1101 1279 Lati·

230 1298 269 1355 nl,
286 1300 378 1347 inhibere
387 1303 468 1355 remis,
482 1300 575 1346 inuium
585 1315 662 1346 navem
668 1332 676 1355 ,
691 1315 769 1345 navum
781 1302 872 1347 inhibere
881 1300 962 1355 remis,
980 1299 1008 1346 δι
1017 1292 1101 1369 fimpli·

231 1363 290 1410 citer
305 1366 405 1412 inhibere.
443 1361 497 1412 vide
511 1363 662 1410 Gronovium
676 1361 717 1410 lib.
730 1376 764 1411 iv.
782 1359 878 1411 observ.
895 1374 950 1423 cap.
962 1368 1003 1410 26.
1024 1372 1063 1423 qur
1076 1358 1099 1406 dt

206 1458 209 1463 ,
229 1425 317 1473 merito
329 1425 433 1480 dubitat,
449 1440 507 1473 num
521 1438 627 1487 unquam
637 1425 717 1472 Latini
727 1423 828 1474 dixerint
845 1425 1039 1478 inhiberemus,
1054 1434 1099 1467 non

91 1500 94 1507 ·
111 1480 119 1493 “
229 1486 296 1550 quod
307 1504 357 1538 non
368 1487 459 1553 poss'ent
469 1489 501 1537 fic
513 1489 594 1551 loqui,
611 1486 649 1536 sed
663 1485 730 1549 quod
740 1475 901 1551 ambiguitatis
911 1485 1020 1535 vitanda
1029 1478 1099 1531 mulla

232 1549 263 1598 ab
275 1550 319 1598 illo
330 1550 444 1616 loquendi
455 1565 540 1615 genere
551 1550 708 1600 abstinuerint.
738 1554 803 1600 Nam
813 1553 987 1597 indolere-remos
996 1562 1040 1613 per
1048 1556 1100 1594 ω·

230 1612 324 1678 logiam
335 1614 367 1663 est
374 1649 381 1671 ‚
388 1612 472 1662 celiane
483 1628 497 1662 a
507 1614 661 1678 remigando,
672 1624 748 1665 unere
758 1614 855 1676 egidore
869 1613 991 1670 Pindaro,
1007 1606 1101 1659 auium

232 1676 313 1727 noodr
329 1677 463 1741 Thucydidi
473 1710 487 1733 ,,
497 1675 536 1724 sed
552 1680 615 1723 remis
630 1677 721 1723 inhibere
737 1674 769 1724 est
786 1676 856 1724 remis
874 1689 965 1724 navem
979 1668 1099 1724 retrorsum

231 1739 373 1803 propellere.
406 1745 493 1788 Verum
502 1740 547 1788 illo
559 1756 625 1787 remor
635 1741 725 1786 r'nhr'bere
734 1754 784 1787 non
795 1737 829 1787 usr
839 1736 905 1795 sunt,
920 1750 1021 1802 propter
1032 1732 1101 1784 ambi·
1119 1732 1126 1749 ⁴

233 1800 415 1864 guumsensum.
449 1807 533 1852 Nautae
548 1804 613 1851 enim
628 1816 679 1850 non
695 1798 822 1866 porniffent
835 1800 911 1858 scire,
927 1800 947 1850 fi
964 1799 1101 1865 gubernxer
1137 1766 1140 1913 ι

232 1864 369 1923 clamasset,
383 1867 487 1923 inhibere,
503 1880 582 1915 remos
593 1880 624 1913 an
633 1879 720 1914 navem
730 1866 802 1915 vellet
813 1862 922 1914 inhiberi.
956 1869 1035 1913 θην.
1138 1918 1140 1931 Ι

89 1982 94 1989 ,
268 1936 305 1978 81.
321 1934 387 1977 Dices
396 1933 433 1978 hoc
444 1932 502 1978 idem
513 1932 616 1985 Varroni,
631 1929 672 1986 nost
677 1927 735 1987 forte
745 1932 862 1986 mutarem]
878 1932 929 1977 MS.
937 1925 1004 1976 Bofii
1014 1924 1049 1976 est
1058 1923 1101 1974 litt

169 2046 172 2050 .
234 1987 323 2049 lesti03
340 1993 442 2056 Vulgata
451 1992 497 2051 est,
514 1996 569 2041 dices
580 1994 760 2051 idemVurronr'st
766 1992 933 2052 ferrremutavit.
952 1991 1043 2040 cleric.

208 2086 215 2111 Ι
269 2063 306 2105 82.
322 2062 365 2103 Nec
374 2057 402 2118 est
411 2058 489 2105 melius
499 2059 636 2121 quidquam,
653 2057 711 2114 &cl
728 2060 757 2104 ln
775 2069 807 2104 rr.
826 2051 1028 2103 Academiarum
1039 2057 1104 2114 Qut·

235 2113 338 2168 llionum
348 2117 424 2176 libro,
438 2132 521 2169 contra
531 2118 554 2168 se
565 2117 641 2183 ipsum
649 2133 680 2168 err
690 2118 783 2167 Luculli
793 2116 892 2182 persona
901 2115 934 2165 lie
944 2116 1056 2180 loquitur
1063 2112 1105 2162 ci·

234 2193 291 2229 ceto
303 2197 310 2229 t
339 2184 403 2229 Nihil
413 2199 446 2228 nte
456 2184 529 2238 ledor,
543 2183 634 2245 inquit,
649 2185 764 2243 egoenim,
779 2195 804 2228 ut
814 2184 906 2242 agitator
915 2181 1015 2227 callidus
1025 2213 1034 2237 ,
1046 2180 1114 2243 prius·

233 2257 301 2304 quam
310 2246 339 2290 ad
344 2244 412 2303 finem
421 2249 508 2290 veniam
519 2278 526 2300 ‚
542 2261 604 2306 equos
614 2244 736 2305 sustineboq
752 2262 762 2290 e
778 2261 803 2290 uo
814 2246 882 2306 magis
892 2277 901 2301 ,
912 2244 935 2302 fi
948 2244 1009 2291 locrus
1018 2247 1053 2299 ir,
1067 2255 1105 2303 qu

230 2304 330 2364 ferentur
339 2311 390 2368 equo¹
400 2341 407 2363 ,
420 2319 505 2367 preceps
514 2309 563 2358 erit.
591 2308 665 2368 ficem
676 2261 831 2366 antefieslineio
843 2325 851 2354 .·
867 2324 904 2355 nec
917 2308 1007 2355 diutius
1023 2303 1107 2368 captiose

235 2370 375 2431 interroganti
388 2370 515 2431 respondebo.
547 2371 611 2427 illc,
626 2383 652 2418 ut
667 2371 773 2432 opinor,
790 2372 881 2423 Atticus
894 2370 1044 2419 Ciceronem
1055 2380 1106 2415 mo-

237 2444 320 2480 nuerat
331 2465 338 2489 ,
354 2443 379 2480 ut
389 2448 433 2495 pro
444 2466 452 2489 ,
467 2438 539 2496 Equos
545 2435 648 2494 sustinebo
659 2466 667 2490 ,
683 2431 788 2482 scriberet
799 2439 871 2497 Equos
880 2435 984 2483 inhibete.
1006 2444 1108 2494 eumque

237 2493 325 2544 Cicero
341 2495 446 2552 secutus,
462 2496 544 2544 locum
553 2496 661 2546 mutavit.
677 2495 763 2544 deinde
773 2511 840 2553 cum,
854 2498 964 2553 rourum,
980 2511 1036 2545 non
1046 2492 1108 2544 idem

236 2553 301 2614 elle,
316 2558 381 2622 qnod
388 2559 509 2620 sustinere,
529 2558 662 2617 didicillet,
678 2561 760 2609 Attico
774 2558 880 2623 scripsit,
895 2574 920 2609 ut
937 2557 1106 2614 restituerem,

235 2620 352 2678 sustinebo.
386 2627 518 2672 P.Manut..

182 2706 185 2711 ·
268 2692 304 2738 83.
322 2688 397 2749 Quam
405 2700 429 2733 ur
440 2687 565 2744 Lucullus]
578 2688 655 2752 Qum
663 2699 688 2734 ut
698 2685 920 2741 Lucilioera'e'rnus,
935 2687 962 2735 dt
972 2686 1010 2737 itt
1018 2684 1107 2735 videtur

235 2743 287 2793 line
297 2748 375 2811 aliqua
385 2746 543 2799 controverfia
552 2747 688 2814 legendum.
710 2747 772 2798 infra
782 2749 847 2795 valde
855 2751 916 2810 probo
927 2751 1055 2805 bemineru,
1067 2747 1107 2798 de·

235 2807 302 2858 lebat
312 2812 414 2859 Faernus
425 2812 521 2861 verbum
544 2815 597 2862 eobo.
615 2810 692 2860 Urfin.
725 2814 828 2859 Lucullus
840 2826 890 2858 non
900 2810 935 2859 est
944 2810 1104 2867 reiieiendtrm.

238 2869 321 2921 Sensus
331 2873 382 2928 eli,
396 2875 506 2923 Lucullus
520 2826 582 2925 <licat
598 2873 621 2924 se
637 2873 794 2924 sufflaminare
808 2887 901 2922 currum
915 2887 956 2923 aut
971 2874 1069 2934 fidere,
1081 2886 1106 2923 rc

180 2967 183 2977 ·
240 2933 311 2984 nobis
320 2936 368 2984 auri
387 2937 436 2984 ain
447 2939 515 2987 circo.
549 2941 709 2998 J.F.Gronov.
1092 2961 1098 2977 ·.

214 3040 216 3045 ,
238 3034 248 3045 ⁴.
273 3006 310 3057 84.
327 2951 435 3059 duflinen
449 3018 534 3050 curuum
550 3019 662 3066 equosque,
679 3005 735 3059 dre]
766 3003 864 3048 Mutato
880 2996 967 3047 horum
983 2998 1105 3050 verborum

239 3061 325 3110 ordine
334 3064 425 3127 integer
434 3062 468 3129 est
477 3064 614 3113 hexameter
632 3066 657 3112 in
673 3064 776 3122 antiquis
789 3060 909 3110 codicibus
921 3078 929 3110 r
953 3063 1024 3128 quod
1037 3064 1106 3113 eriam

240 3126 356 3173 Germani
372 3125 557 3177 animadvertilie
573 3126 681 3175 videntur
696 3129 721 3175 in
737 3125 778 3175 suo
798 3125 928 3188 exemplari
945 3143 952 3176 r
977 3141 1053 3190 quare
1065 3142 1107 3177 nor

240 3200 338 3295 quoque
349 3187 373 3235 id
388 3193 523 3254 recepimus.
557 3206 597 3239 cur
611 3191 675 3238 enim
692 3202 729 3236 tor
745 3189 952 3251 integerrimorum
968 3182 1104 3240 restruend-

258 3263 297 3297 etn
309 3253 333 3298 δι
351 3256 500 3303 autoritatem
512 3255 697 3302 damnaremus?
714 3251 766 3299 Poll
777 3265 855 3299 autern
870 3252 919 3299 huc
935 3252 1008 3302 verba
1016 3255 1109 3314 fiooilou

226 3311 295 3372 „focio
305 3313 356 3370 ‚diu
365 3316 461 3365 verbnm
472 3322 579 3365 Graecum
593 3314 748 3363 defideratum
759 3314 804 3362 est:
822 3315 919 3376 quidam
933 3317 1022 3380 jerogio
1034 3319 1109 3375 fi'poo·

239 3368 296 3446 deira
311 3376 457 3428 restituerunt
467 3378 533 3427 falso
567 3376 630 3438 Quid
644 3380 710 3426 enim
726 3377 877 3427 Hermodoro
887 3376 919 3425 est
930 3392 987 3428 cum
1001 3376 1110 3429 affenlio·

242 3442 444 3496 obturatione?
459 3441 492 3493 ita
506 3442 573 3493 enim
587 3441 673 3493 cicero
690 3443 854 3507 interpretatur
867 3442 963 3503 inanit.
986 3442 1110 3508 sumptum

369 3551 378 3581 e
1070 3519 1109 3556 ω’
