2296 3900
154 122 347 227 Eraria.
389 164 461 217 nn
505 150 804 225 Atticum.
850 143 933 237 1819

49 249 92 317 ti(
119 250 188 330 quid
203 251 307 327 refert?
327 236 486 333 paulopost
509 252 543 309 C.
559 251 661 327 Capito
682 268 748 310 curn
770 252 957 337 sT.Carti-g
972 271 1089 339 mewa

49 345 127 405 nate.
165 330 268 389 horum
285 346 340 404 ego
355 330 401 387 vix
416 330 492 405 attigi
507 329 656 404 penulam
677 339 773 387 tamen
794 329 993 389 remansa-aar.
1056 336 1069 353 ··

49 419 141 467 runt:
163 402 191 459 5⁶
199 405 356 482 ceciditque
380 404 459 464 belli.
498 405 545 464 sed
564 405 628 463 casu
647 404 739 463 sermo
760 404 775 463 a
796 406 934 481 Capitone

51 491 84 557 §⁷
94 484 131 545 de
144 482 211 561 urbe
226 482 362 565 augenda.
381 480 398 540 l
413 493 500 561 ponte
515 481 629 563 Mulvio
644 482 773 541 Tiberim
795 482 882 543 hduci
895 481 960 541 seh
975 482 1042 546 imi

56 716 138 779 prima
153 711 289 776 'rusurlaua
306 711 336 772 de
352 717 449 777 socrate
463 714 566 778 loquens
582 729 589 761 t
612 715 656 760 Sed
666 715 733 776 ficum
749 713 826 769 illuri,
842 715 900 760 nihil
909 724 940 761 ro

57 780 152 841 'affirmet
163 812 171 836 ,
181 776 252 825 ”t'errtt
269 777 301 823 'nl
320 781 438 845 eatiemum
447 811 456 836 ,
473 779 558 840 Icilius
576 777 675 835 moreni,
701 781 739 827 vel
759 778 938 839 consuetudinem.

59 845 154 895 vietor.

66 898 73 922 ⁴
90 914 129 961 56.
149 905 269 964 ceciditque
278 903 343 959 belle,
355 904 395 964 [ed
404 898 474 965 casm]
488 903 591 965 Malim,
604 905 646 951 Sed
659 906 734 951 cecidit
744 904 796 951 lelio
811 904 873 965 casu,
890 904 938 959 dre.

59 982 174 1017 revocata
194 967 381 1033 conjunliione,
396 979 422 1016 ut
443 964 520 1015 sensus
535 966 572 1017 srt.
606 972 634 1015 ln
656 967 702 1016 hoc
722 966 881 1016 incommodo
902 983 941 1019 te·

60 1033 175 1080 manendi
203 1032 301 1079 illorum
341 1029 404 1079 belle
432 1028 542 1087 cecidit,
581 1028 648 1093 quod
673 1029 702 1078 ab
725 1029 761 1078 his
789 1031 819 1079 de
841 1029 941 1081 Castris

60 1092 165 1145 confilio
176 1092 311 1143 traducendi
323 1093 415 1142 Tiberis
426 1090 538 1149 edoelus,
554 1095 578 1142 in
590 1093 713 1158 emptione
724 1094 848 1143 hortorum
856 1098 942 1158 Scapti-⁴

59 1156 173 1207 danorum
185 1154 330 1207 cautioreffe
347 1155 449 1221 polium.
484 1157 628 1216 Huiusmodi
643 1157 794 1215 traielliones
809 1172 839 1206 ex
857 1173 944 1206 manu·

60 1216 154 1283 scriptis
164 1219 250 1286 poffrm
261 1218 381 1273 soccntas
393 1216 484 1269 afferre,
503 1222 598 1283 Malasp.
620 1226 657 1271 ita
667 1233 757 1284 veteres
771 1221 844 1271 noliri
855 1221 944 1271 refere-

61 1282 136 1349 bant,
152 1287 267 1349 ceciditque
277 1285 344 1341 lille,
361 1284 431 1332 &ita
442 1283 514 1334 edidi.
548 1284 627 1341 uofius.
699 1280 729 1297 ²¹
862 1286 866 1296 '

97 1364 135 1405 57.
155 1354 189 1396 De
199 1347 354 1409 lerie'augenda
364 1347 379 1392 ri
389 1360 450 1411 ponte
461 1349 549 1394 rllulvr'o
562 1348 591 1394 ad
600 1348 710 1402 Tiberim,
728 1348 785 1405 dac]
812 1347 857 1396 laic
873 1347 941 1397 locus

61 1408 139 1471 foedis
153 1412 251 1460 maculis
263 1409 303 1459 diu
313 1411 451 1473 inquinatus
461 1408 560 1468 mansit,
576 1426 648 1473 quas,
664 1424 689 1477 n.-
706 1409 838 1474 speramus,
850 1411 941 1460 instuli—

62 1484 131 1530 m'us‚
148 1477 275 1524 meliorum
285 1473 395 1522 codicum
406 1475 495 1523 auxilio
507 1472 558 1521 nst:
574 1474 598 1523 id
614 1487 694 1522 autem
705 1477 731 1523 dc
748 1476 863 1522 Gerni'ani
875 1477 941 1539 priua

60 1536 171 1588 fecerant
179 1542 188 1592 ,'
204 1539 245 1600 qui
256 1537 352 1600 quidem
364 1539 389 1587 in
400 1535 433 1586 sui
443 1536 496 1587 libri
507 1541 614 1601 margine
624 1552 692 1594 earn,
708 1552 760 1599 qua
770 1536 840 1586 nobis
851 1539 941 1602 proba·

62 1592 91 1653 ia
102 1601 149 1656 est,
162 1601 300 1662 scripturam
313 1601 463 1653 adnotarunt.
496 1603 598 1650 Nullam
610 1613 690 1650 autem
702 1602 821 1650 tationem
838 1614 877 1649 aut
888 1600 942 1651 sen·

62 1667 168 1719 tentiam
181 1663 266 1711 habent
279 1664 375 1728 iulgata
386 1663 469 1720 verba:
484 1668 610 1728 quomodo
621 1666 687 1713 enim
696 1663 750 1712 urbs
767 1664 845 1727 augeri
878 1664 941 1716 otest

64 1725 81 1775 a
95 1739 170 1793 ponte
181 1727 276 1785 Mulvio
288 1725 318 1774 ad
327 1724 445 1782 Tiberim,
467 1728 507 1791 qni
518 1742 579 1791 pons
589 1727 622 1776 est
633 1727 699 1790 supra
711 1727 817 1775 Tiberim
829 1731 837 1776 i
855 1680 893 1776 rid
909 1745 941 1795 ne

61 1788 171 1855 pluribus
181 1787 335 1842 manifestum
346 1789 460 1837 mendum
472 1793 616 1853 argumentis
632 1790 786 1846 refellamus,
813 1789 855 1838 lurt
871 1792 943 1841 clari-

64 1861 173 1965 {asqum
189 1867 262 1918 quam
279 1865 344 1918 vetus
359 1850 470 1918 scriptura
481 1852 557 1901 secum
573 1853 638 1908 fert,
654 1853 708 1902 satis
724 1852 757 1914 est
772 1851 802 1900 ad
819 1855 943 1920 vulgarem

76 1916 198 1965 estionem
210 1913 402 1964 convincendam
417 1916 487 1978 seque
505 1914 703 1965 confirmandam.
737 1913 849 1967 Abundat
865 1930 904 1966 aut
915 1912 943 1969 in

67 1976 96 2028 'ea
107 1983 138 2027 ad
156 1978 290 2045 praepositio
308 2011 316 2036 ,
333 1980 358 2027 ἃ
375 1979 484 2042 expanti
503 1978 579 2045 (duci)
597 1978 731 2027 faciendum
749 1976 800 2027 est:
817 1977 848 2026 iic
864 1992 944 2032 autern

66 2040 113 2093 suis
129 2044 188 2093 locis
205 2043 318 2109 [lundata
335 2042 445 2092 oratione
461 2044 544 2092 omnia
559 2056 622 2091 certa
638 2044 664 2091 δι
684 2042 755 2106 plana
775 2054 863 2091 erunt:
887 2041 943 2095 eum*

67 2106 134 2156 enim
144 2107 227 2157 urbem
236 2119 322 2170 augere
337 2104 445 2161 vellent,
462 2120 546 2156 eorum
562 2102 688 2154 confilium
703 2117 752 2153 erat
765 2102 872 2154 Tiberim
881 2105 945 2156 deti-¹

67 2163 123 2227 iare
134 2174 160 2220 ἃ
171 2169 297 2221 secundum
308 2182 404 2218 montes
420 2169 548 2219 vaticanos
559 2166 663 2225 ducere,
677 2167 772 2232 lumpro
781 2167 851 2216 initio
862 2168 944 2219 flumi-

67 2234 104 2287 nis
115 2233 270 2284 dcducendia
287 2238 362 2282 Ponte
379 2232 481 2285 Mulvio.
515 2240 598 2281 Ducere
613 2244 693 2280 autem
705 2233 788 2291 flumen
799 2230 941 2293 dictumest,

65 2297 273 2361 quemadmodum
283 2297 313 2346 ad
324 2302 356 2360 Q
368 2299 473 2344 Fratrem
485 2303 569 2351 Ducere
581 2312 659 2359 aquam
670 2293 730 2345 dixit
741 2295 818 2359 prima
837 2310 884 2348 111.
896 2295 940 2351 lib.

64 2363 83 2409 ε’
96 2359 180 2409 istola:
198 2366 229 2409 Er
235 2363 302 2420 fimul
310 2363 346 2410 M.
359 2364 537 2425 Taurum,qucm
552 2361 594 2408 ribi
607 2361 672 2408 audio
686 2359 813 2423 promififfe,
825 2364 870 2470 3κί
883 2378 939 2409 nune

90 2443 141 2472 ome
152 2425 179 2484 est
192 2458 200 2481 ,
215 2428 307 2488 deaqua
316 2437 354 2487 per
366 2423 463 2482 fundum
481 2429 526 2488 ejus
542 2424 636 2471 ducenda
656 2425 737 2485 rogali.
768 2428 825 2485 Quo
857 2436 939 2475 autem

64 2490 159 2537 Mulvio
174 2504 224 2536 non
238 2490 322 2535 Milvio
339 2484 487 2560 scripsrmus,
509 2488 617 2537 dedimus
638 2485 664 2536 id
679 2484 807 2597 tuscorum
827 2484 939 2537 codicum

64 2552 190 2602 autoritati
206 2554 232 2602 δι
248 2549 326 2607 fidel,
348 2565 389 2614 qur
404 2548 435 2597 fic
451 2553 477 2600 δι
491 2550 596 2615 ipfi'hoc
611 2550 668 2598 loeo
700 2549 788 2597 abent:
806 2563 862 2598 nam
876 2551 941 2615 apud

65 2616 129 2667 alios
139 2612 318 2675 etiam'aurores
328 2648 335 2670 ‚
344 2616 369 2664 δι
381 2613 486 2663 maxima
497 2614 638 2676 Cornelium
649 2611 888 2676 Tacitum,inlpeliis
900 2629 943 2664 ve·

65 2678 134 2743 tuliis
146 2678 336 2741 exemplaribus,
348 2678 411 2728 idem
424 2677 554 2738 observavi.
563 2675 650 2725 ‘Viden
666 2683 701 2725 De
712 2678 761 2724 urbe
770 2677 886 2738 augenda]
907 2680 945 2733 DQ

65 2743 179 2808 pomerio
191 2740 351 2806 proferendo,
366 2741 431 2804 cuod
443 2742 494 2806 poll
504 2742 603 2808 caradion
613 2755 680 2804 reges
695 2755 755 2788 unus
771 2741 901 2805 protulerat
913 2746 950 2799 L„

64 2807 141 2871 sulla.
173 2807 253 2854 Miror
272 2818 351 2853 autem
370 2804 400 2853 de
418 2807 553 2868 pomerioa
568 2804 659 2852 casare
675 2803 770 2866 prolato
786 2804 846 2852 nihil
861 2809 946 2853 Suetod

66 2872 150 2929 riiurn,
167 2868 228 2928 nihil
238 2870 368 2924 Tacitum,
384 2868 475 2931 alioqui
490 2866 682 2932 diligentiffimos
698 2867 724 2915 in
740 2864 855 2922 historia,
870 2866 946 2918 tradi-

65 2931 141 2982 disse:
158 2930 224 2995 quod
236 2945 319 2979 tamen
331 2933 355 2979 dc
366 2931 404 2978 hic
419 2934 519 2988 Cicero,
534 2934 560 2979 &
570 2931 632 2980 infra
644 2931 669 2977 in
683 2943 720 2992 ep.
730 2945 766 2986 ³5·
785 2931 857 2995 plane
871 2929 947 2994 srgni·

64 2993 139 3052 ficat,
155 2998 181 3045 δι
193 2994 286 3044 Gellius
297 2993 407 3043 lib.xrrr.
423 3008 518 3058 cap.t4.
535 2996 560 3043 dc
573 2995 623 3043 Dio
632 2991 674 3041 lib.
687 3007 772 3042 xnrrr.
792 2993 896 3041 declarat
907 2994 946 3047 trie

65 3058 163 3112 verbis:
180 3060 266 3108 Taueni
277 3076 303 3104 nt
314 3058 395 3110 irruite,
410 3059 449 3103 καὶ
465 3058 530 3109 rina:
546 3048 629 3111 iciam
640 3057 694 3103 rrins
705 3059 810 3114 nuntiati
823 3054 946 3108 inrtnritt'

65 3122 209 3183 imfiyuns.
241 3124 294 3170 Nec
304 3135 361 3168 vero
370 3119 423 3182 quis
436 3120 529 3176 credat,
545 3121 639 3181 quoties
648 3119 782 3181 pomerium
790 3117 943 3182 proferretur,

65 3188 139 3236 toties
156 3198 278 3234 murorum
295 3181 410 3231 ambitum
424 3182 472 3231 una
486 3182 605 3247 prolatum
620 3183 675 3231 elie.
705 3195 783 3237 nam,
801 3195 827 3230 ut
839 3181 945 3235 ostendit

67 3246 198 3310 Dionysius
213 3248 255 3297 lib.
268 3261 303 3295 rr.
319 3245 424 3294 mansere
434 3258 525 3295 veteres
536 3247 616 3302 muri,
633 3260 646 3294 a
668 3247 748 3294 Servio
765 3258 820 3307 rege
834 3244 944 3306 conditi,

69 3311 153 3360 sedita
164 3311 268 3374 permisti
278 3311 420 3374 privatarum
430 3308 516 3358 edium
526 3308 692 3372 multitudine,
709 3308 749 3358 vix
765 3310 814 3366 iam
829 3321 856 3357 ut
872 3308 947 3373 ipfius'

66 3374 253 3436 Dionyliiaetate
263 3372 450 3437 agnoscerentur.
464 3373 547 3436 quibus
558 3388 615 3423 vero
626 3369 945 3438 nuncRomtseptaimoeui-

67 3437 112 3486 bus
128 3436 180 3495 est,
193 3453 222 3489 ea
237 3437 345 3487 condidit
362 3436 504 3487 Aurelianus
518 3443 650 3503 imperator
665 3453 673 3487 t
694 3448 805 3503 partem,
825 3435 942 3485 eGotltia

65 3496 947 3611 normannnndnnnnnmnnmrqm
981 3588 984 3593 ,
