2296 3900
129 131 912 226 Eursr.aoil'srrcou.1693

24 222 103 302 Bruti
117 242 242 318 epitoma
257 243 486 306 Fannianorum?
505 246 594 324 scripsi
608 291 616 318 ‚
636 248 715 326 quod
741 262 798 310 erat
812 251 841 309 in
862 265 912 307 ex-

28 329 139 387 tremo:
158 318 244 398 idque
258 336 313 396 ego
327 321 451 394 secutus,
470 327 546 383 hunc
561 325 713 395 Fannium,
735 329 783 404 qui
810 323 913 400 scripsit

29 394 171 455 historiam
187 439 197 466 ,
215 414 350 472 generum
366 395 420 458 elle
434 401 589 477 scripseram
612 402 718 459 Laelii:
745 401 792 459 sed
812 412 842 460 tu
863 418 911 460 me
1007 463 1010 469 ,

32 475 217 542 γεωμετρικῶς
239 475 374 533 refelleres
391 495 397 534 :
419 487 447 534 te
467 490 562 536 autem
584 496 659 536 nunc
680 477 778 535 Brutus
794 479 823 537 δι
838 480 909 536 Farr-
955 474 1023 533 Μὰ

32 549 102 608 niusa
141 567 196 625 ego
210 562 305 608 tamen
322 550 356 609 de
371 552 448 611 bono
463 553 576 613 rudore
598 553 750 612 Hortensio
773 553 810 612 sic
829 571 910 612 acce·

33 642 146 700 peram,
167 627 198 683 ut'
212 627 284 702 apud
299 626 414 686 Brutum
429 629 475 687 esi.
513 631 587 689 hunc
608 631 690 705 igitur
709 631 804 688 locum
826 639 912 705 expe-⁸

34 701 102 761 dies.
143 703 206 776 Ego
221 702 281 761 misr
297 703 437 763 Tironem
465 707 654 766 52Dolabcllae
674 707 797 765 obviam.
835 708 856 765 is
875 706 911 767 ad

34 795 83 836 me
95 778 184 837 idibus
199 783 358 841 revertetur.
395 793 424 839 te
440 782 601 856 exspedlabo
616 782 751 859 postridie.
777 783 823 840 De
838 782 911 841 Tul-

31 844 68 917 lia
83 872 147 913 mea
162 855 211 913 tibi
224 855 440 932 antiquissimum
455 857 508 917 esse
531 859 638 917 video:
666 860 749 933 idque
770 860 807 917 ita
827 872 857 917 ut
878 857 911 918 srt

33 936 64 988 tc
80 932 261 1005 vehementer
276 950 355 1009 rogo.
375 934 450 1009 Ergo
466 937 496 994 &
511 935 539 993 in
549 936 656 1011 integro
664 933 820 993 omniarsrc
835 937 919 995 enim·

33 1005 138 1066 scribis.
165 1008 232 1066 mihi
248 1015 274 1064 53
284 1009 332 1069 etsi
345 1011 472 1071 kalendae
488 1004 608 1072 vitandei
621 1013 749 1081 suerunt,
770 1003 913 1071 irNeoei-

160 1140 172 1170 ,
867 1099 914 1149 ca·

36 1268 156 1339 cepimus,
172 1269 326 1321 &Plutarchi
340 1268 446 1320 maxime
460 1270 598 1321 testimonio
616 1263 764 1336 e'omperrum
779 1269 912 1329 habemus,·

38 1332 83 1395 qui
100 1334 126 1380 in
142 1331 190 1392 cius
207 1334 255 1383 viia
269 1334 346 1383 scribit
362 1332 437 1399 ipsum
454 1335 573 1384 incastris
595 1339 652 1383 Pom
685 1336 761 1393 ienis,
782 1334 847 1399 quod
864 1334 930 1401 diei¹

37 1398 135 1458 tempus
143 1410 198 1446 cum
208 1398 324 1461 Pompeio
335 1412 387 1446 non
400 1409 465 1450 erat,
482 1409 560 1446 rorum
573 1399 597 1445 in
614 1397 648 1446 stu
665 1399 693 1446 iis
708 1397 845 1447 consumere
855 1396 912 1447 soli*

39 1466 108 1506 cum:
126 1473 193 1507 uteo
205 1463 278 1508 eriam
287 1462 325 1508 die
335 1463 376 1523 qui
386 1476 442 1509 eum
452 1460 563 1524 precessit
575 1475 624 1524 quo
640 1475 769 1524 pugnarum
786 1460 818 1509 est
830 1495 837 1517 ,
854 1475 911 1510 cum

38 1522 83 1570 alii
94 1533 133 1569 aut
144 1521 230 1571 somno
240 1523 389 1587 indulgerent
406 1525 484 1583 (erant
494 1527 560 1572 enim
570 1523 669 1573 maximi
679 1523 780 1584 calores)
791 1538 830 1572 aur
843 1523 912 1572 solli·

37 1585 83 1632 citi
98 1583 129 1631 de
144 1599 230 1633 euentu
257 1588 358 1649 ugnaein
369 1600 397 1635 ea
413 1588 560 1650 cogitatione
577 1589 623 1635 rori
638 1582 726 1644 essent,
742 1589 789 1650 ipse
799 1598 870 1651 urque
880 1584 912 1635 ad

39 1645 166 1709 vesperam
177 1602 301 1710 scripdnir,
316 1663 463 1712 componens
474 1652 595 1712 epitomen
607 1649 703 1711 Polybii.
739 1653 814 1699 ναῖον.
906 1691 912 1701 ,
973 1702 974 1713 ¹

64 1725 116 1767 51.
135 1715 179 1754 ¹An
190 1714 252 1763 Bruti
262 1716 351 1772 epitoma
362 1715 520 1759 Fannianorum
532 1721 543 1758 i
559 1714 633 1772 scripfi
644 1716 707 1770 dae]
736 1714 771 1760 Sic
787 1725 912 1761 exaratum

41 1771 79 1822 est
91 1770 117 1818 in
128 1775 258 1821 Decurraro
267 1777 292 1822 or
304 1772 474 1829 Tornaefiano,
490 1773 532 1821 nisi
544 1774 608 1835 quod
618 1776 642 1822 in
655 1775 701 1823 hoc
710 1774 795 1824 vitiose
805 1775 912 1824 librarius

40 1830 149 1897 scripsit,
164 1838 206 1891 in,
223 1848 285 1898 pro,
298 1852 333 1882 an.
352 1835 464 1883 Cererirm
480 1837 635 1898 precedentes
655 1837 697 1885 has
713 1851 799 1893 voces,
814 1843 913 1899 Epironu

40 1901 110 1954 Bruti
121 1901 247 1956 Fanniana,
264 1912 289 1946 ur
300 1894 388 1946 otiosas
399 1900 424 1945 ie
436 1912 518 1946 eorum
529 1914 581 1959 quc
591 1897 913 1961 sequunturglolleruasullu·

40 1961 210 2011 lirManutius.
227 1965 300 2012 cleric.
319 1959 378 2010 Vide
388 1964 444 2010 Ger.
455 1959 512 2023 Joh.
524 1959 631 2011 Voffium
643 1961 683 2011 lib.
696 1960 757 2012 rust.
766 1967 818 2014 hat.
830 1977 880 2028 cap.
889 1979 915 2022 rr

43 2027 144 2073 Gronov.
900 2058 904 2063 -

77 2103 115 2140 52.
132 2087 268 2145 Dolabella]
283 2093 310 2136 ln
324 2084 461 2150 Hispaniam
472 2086 528 2136 inde
540 2086 682 2150 proferimur
698 2085 782 2162 Philip.
790 2102 822 2135 rr.
840 2089 865 2137 δι
875 2102 916 2152 epa

45 2166 84 2207 32·
102 2149 150 2199 h.l.
166 2165 217 2198 nou
227 2149 277 2200 dixi
287 2166 317 2200 ex
327 2151 443 2200 Africano
452 2149 518 2198 bello
528 2152 664 2206 revertenti,
682 2149 747 2214 quod
762 2149 825 2198 illud
836 2153 916 2200 multo

46 2225 103 2268 ante
119 2212 321 2274 fuerarfinirum:
359 2215 476 2276 quoniam
494 2215 580 2263 Cicero
596 2215 644 2273 jam
662 2218 783 2263 Catonem
801 2212 920 2278 scripserat

46 2275 120 2339 paulo
132 2289 193 2331 anre.
218 2277 343 2326 Dolabella
354 2290 416 2328 certe
431 2277 495 2325 venit
511 2277 540 2325 ad
553 2278 714 2333 Ciceronem,
734 2290 759 2325 ur
775 2276 855 2340 postea
870 2279 916 2326 iret

48 2341 76 2388 irr
88 2336 237 2402 Hispaniama
252 2343 277 2394 δι
288 2355 342 2389 eum
351 2357 381 2390 eo
393 2341 516 2390 Ciceronis
528 2339 590 2390 filius
600 2338 665 2403 epist.
677 2339 724 2403 seq.
752 2343 839 2391 carrad.

83 2417 120 2456 52.
136 2402 179 2461 Etsi
196 2404 286 2450 calenda
301 2407 406 2451 mutanda
417 2403 526 2462 fuerunt,
543 2403 720 2466 Meaffionumque
734 2406 859 2464 ἀρχᾶτνπα
874 2400 917 2461 ἶν’

44 2466 146 2527 giendo]
162 2470 192 2513 Er
203 2464 240 2513 lric
250 2480 355 2516 veterem
365 2467 495 2515 ledionern
505 2464 660 2517 restituimur:
675 2481 747 2530 quarn
758 2469 784 2514 ὃ(
795 2468 820 2514 in
832 2463 919 2515 nustria

50 2526 187 2583 melioribus
201 2528 333 2578 invenimus
348 2564 356 2586 ,
378 2531 404 2578 &
419 2532 553 2577 Germanos
568 2533 642 2579 etiam
656 2529 681 2577 in
695 2529 803 2590 margine
817 2527 849 2576 sui
866 2525 921 2576 libri
951 2534 953 2543 '

50 2586 174 2648 adnotasse
194 2592 409 2640 animadvertimus.
442 2595 492 2640 Cur
512 2606 596 2640 aurern.
611 2591 654 2639 fibi
671 2592 790 2641 Calendis
811 2589 922 2640 vitandae

51 2649 120 2702 fuiffe
130 2655 206 2702 tradar
218 2653 293 2702 dicere
304 2671 355 2702 non
367 2651 494 2717 possumus.
528 2660 591 2703 Cum
601 2662 683 2703 tamen
700 2654 730 2703 de
744 2653 829 2703 tabulis
845 2652 924 2703 confi-

51 2715 141 2764 ciendis
152 2728 205 2778 agar
214 2716 353 2770 ,videndum
364 2717 397 2766 est
409 2732 439 2764 an
449 2716 479 2765 de
486 2715 728 2781 perscribendisusuris
738 2718 858 2781 loquatur.
874 2720 926 2764 Co·
934 2750 944 2765 0

52 2778 130 2828 lendis
142 2781 209 2826 enim
220 2782 327 2840 pecunias
338 2781 451 2831 foenerari
462 2782 536 2828 moris
547 2795 597 2830 erat
609 2816 616 2838 ‚
638 2778 705 2843 quod
719 2780 821 2829 ostendit
834 2780 925 2833 Plutar-
957 2786 972 2799 ³

53 2841 153 2889 chusia
171 2841 273 2896 libelle,
288 2843 336 2898 ,ariri
353 2843 384 2895 τὰ
402 2846 441 2891 Mi
458 2843 503 2890 driu
521 2845 690 2905 Δαυιὶζπθκι,
712 2845 753 2907 qui
774 2844 837 2892 diem
854 2843 925 2892 illum
966 2848 978 2858 '

51 2905 164 2956 omnium
174 2901 358 2968 augustissimum
369 2904 425 2953 dicit
442 2903 600 2963 foenerarores
617 2903 712 2956 reddere
729 2906 845 2955 nefastum
861 2908 886 2954 δι
896 2919 927 2952 o·

51 2964 148 3015 diosum
163 2952 202 3014 sua
217 2965 363 3016 acerbitate:
379 2967 410 3014 lic
429 2970 493 3015 enirn
506 3001 513 3023 ,
528 2970 629 3030 inquit,
645 2967 674 3016 de
697 2967 825 3024 liiiilibus,
841 2964 926 3031 quibo·

51 3029 102 3094 ipse
112 3028 175 3088 jubet
187 3030 239 3087 uti,
255 3029 383 3083 ¹diuenditis
395 3031 514 3094 argenteis
523 3031 628 3080 lancibus
641 3047 647 3077 r
664 3031 716 3077 Oia
735 3030 778 3091 ὀξυ
794 3036 857 3078 eico
867 3030 926 3087 βαρὺ

53 3097 93 3140 arri
111 3095 219 3154 δυσχίρῦς
235 3088 309 3154 ὅσπερ
336 3092 360 3141 ir?
378 3093 426 3139 καθ’
444 3093 525 3150 ἡμέραν
547 3093 749 3154 inspirandam&
767 3095 806 3142 criu
827 3092 928 3151 nunoni-

53 3169 124 3205 λειω.
148 3158 186 3204 iul
202 3157 329 3212 ἀναμνήσει
343 3155 389 3204 τᾶν
406 3157 521 3203 uaaerddr
538 3156 577 3204 aei
597 3155 623 3205 dl
641 3153 779 3209 rraunrrier:
801 3153 824 3204 rir
835 3153 923 3204 irrueri-

53 3236 93 3281 rrpr
117 3217 161 3268 τῶν
181 3217 340 3273 ὑαιρῦν,υ”σαν
363 3218 484 3267 ἀποφράδα
505 3221 592 3265 arrian
613 3216 632 3264 οἱ
652 3218 754 3266 diurni
776 3218 814 3267 arri
834 3218 926 3276 ςύγιου
1019 3230 1024 3241 ’

51 3281 164 3330 Horatius
174 3282 247 3330 eriam
257 3279 341 3337 docet,
357 3293 411 3328 curn
422 3280 500 3342 inqnir
512 3297 518 3327 ς
536 3287 624 3326 omnem
634 3280 791 3343 relarirxldibus
798 3274 924 3343 pecunias-i

50 3348 128 3417 querit
140 3346 237 3391 Calendis
249 3357 330 3406 ponere.
352 3346 375 3391 N
379 3357 418 3391 arn
428 3342 494 3405 quod
506 3341 584 3392 idibus
596 3341 740 3391 solverentur
750 3345 836 3393 cicero
847 3342 924 3391 eriam

50 3418 131 3454 innuit
140 3405 200 3455 libro
208 3422 243 3457 ιν.
259 3405 289 3454 ad
302 3407 421 3456 Atticum:
439 3408 638 3463 Ardermbirur,
654 3425 720 3464 arpa
734 3407 794 3457 iecor
810 3407 859 3463 irie
875 3402 928 3463 Μ

50 3484 93 3520 m
107 3485 133 3520 aar
147 3474 223 3523 arion
237 3471 313 3523 idibus
328 3468 470 3571 Quintilibus
478 3504 487 3530 ,
504 3469 592 3532 fadum
604 3481 651 3521 rra
664 3467 770 3580 bassum..
786 3466 849 3524 lre‘rn
861 3466 934 3580 lia.
943 3406 996 3668 ¹(
