2296 3900
209 129 290 211 ¹⁶93
339 132 536 200 Lxxxzx
576 128 1013 201 Duontetravs
1088 86 1092 93 Ι

209 240 286 310 dixi,
304 256 442 317 quantum
455 242 624 312 ⁰Publilius,
643 255 779 319 quantum
794 252 825 296 ⁷0
836 242 940 303 flamen
953 241 1095 303 Lentulul

211 316 280 375 filio.
317 318 353 377 de
382 320 514 396 Hispania
533 319 592 379 duo
612 322 715 387 attuli,
747 320 870 395 primurn
892 321 998 390 idem,
1018 320 1095 397 quod

116 408 124 421 ·
153 436 158 446 .
178 468 185 481 Ι
211 394 280 464 tibi,
300 414 348 453 me
361 400 450 456 vereri
462 398 715 472 vituperationem:
736 415 796 454 non
809 397 869 454 satis
880 394 961 455 rene
973 438 983 467 ,
997 395 1020 455 fi
1032 397 1094 455 baec

213 488 290 530 arma
311 472 507 549 reliquissemus
527 473 539 530 ἓ
560 476 645 531 etiam
667 471 828 531 contraria?
848 472 993 533 t¹deinde
1007 474 1094 542 fore,

215 560 247 605 ur
260 564 422 625 angeretur,
442 551 505 608 cum
521 550 538 608 i
554 552 634 608 fratre
656 552 837 609 familiaritate
864 551 895 607 dc
912 551 999 609 omni
1012 552 1097 625 gratia

217 625 383 685 uinceretur.
410 628 535 686 :2urelit
556 631 642 702 magis
661 628 821 687 liberalitate
839 626 880 685 uti
915 646 983 685 mea
1010 626 1094 701 quim

217 700 264 759 sua
276 702 422 761 libertate:
442 704 488 761 sed
509 718 603 761 tamen
625 705 743 779 permiti.
784 704 832 761 tibi
853 705 930 761 enirn
953 704 1096 762 intellexc³

220 790 280 835 ram
293 798 353 837 non
368 780 468 839 rnimiu
482 780 629 854 displicere.
668 798 722 855 ego
736 781 821 839 mmm
844 792 928 855 atque
944 783 1034 838 etiam
1050 797 1096 863 co7

113 864 122 881 ·
221 854 333 929 gitab0,
354 870 454 932 atque,
474 870 505 915 ut
519 857 594 914 idem
617 858 722 925 facias,
755 873 835 931 rogo.
873 874 979 931 magna
1009 857 1095 915 tes&
1133 858 1137 921 ἶ

220 930 335 1003 simplex
357 933 394 989 est
417 948 555 999 maneret
575 933 640 991 illud
661 950 770 1007 ancept.
809 931 906 991 veriam
929 933 1093 991 videbimus.

221 1009 306 1066 7³De
327 1009 412 1067 Balbo
433 1012 463 1067 δι
491 1012 520 1067 in
535 1009 666 1067 codicillis
679 1010 850 1084 scripseram,
870 1010 901 1067 de
923 1010 964 1069 ita
987 1011 1093 1084 cogito,

222 1082 303 1141 simul
318 1102 350 1143 ac
366 1085 484 1144 redierit.
522 1085 561 1143 sm
576 1086 619 1142 ille
634 1086 750 1154 tardius,
771 1104 826 1161 ego
847 1094 947 1145 tamen
968 1087 1095 1145 triduum.
1133 1126 1136 1155 2

223 1160 271 1230 bc,
291 1162 370 1237 quod
383 1164 521 1238 praeterii,
539 1163 684 1221 Dolabella
696 1163 780 1222 etiam
795 1180 920 1220 mecum.
1008 1240 1097 1288 151’1·

222 1385 290 1501 peret
302 1386 325 1436 se
334 1401 349 1435 a
359 1386 431 1437 fratre
440 1388 549 1452 patruele
557 1394 590 1454 Q
602 1389 720 1439 Cicerone
733 1386 897 1441 familiaritate
914 1389 943 1439 δι
959 1387 1039 1455 pretii
1049 1390 1099 1437 Cn·

239 1452 365 1501 arisvinci.
399 1456 429 1499 P·
443 1469 487 1503 m.

259 1530 298 1571 70.
315 1516 405 1560 Flamen
418 1466 543 1575 gratulata]
562 1516 636 1564 Filius
645 1516 694 1575 eius
705 1514 819 1572 Lentuli,
834 1529 908 1579 quem
928 1529 986 1563 curn
996 1511 1100 1565 universo

227 1576 371 1626 P'ohtilicum
382 1577 444 1626 colle
462 1580 486 1627 io
498 1581 619 1628 ciceronis
631 1578 748 1633 domum,
763 1594 778 1627 a
793 1582 814 1628 Ρ.
826 1577 919 1626 Clodio
931 1578 1099 1635 consecratam.

228 1640 345 1703 religione
353 1639 426 1689 libera
446 1657 474 1699 e,
489 1642 592 1707 legimus
603 1644 627 1690 in
637 1644 747 1690 oratione
756 1641 788 1691 de
797 1642 953 1705 llaxulpicum
963 1638 1100 1707 Responfis:

228 1704 271 1765 qui
282 1704 307 1753 bt
318 1718 355 1767 ep.
367 1720 406 1765 ²4·
422 1704 464 1754 lib.
472 1720 505 1756 rr.
522 1710 547 1755 δι
557 1720 595 1770 ep.
602 1715 624 1755 6.
640 1705 680 1753 lib.
689 1720 724 1753 rr.
741 1703 896 1754 &alediano
907 1706 933 1752 in
945 1708 1102 1770 orationepro

229 1770 317 1816 Scauro
333 1770 359 1816 bt
375 1769 401 1816 in
414 1769 524 1817 oratione
540 1770 565 1817 in
577 1770 699 1818 Vatinium
718 1770 862 1816 nominatur.
895 1769 981 1816 sensus
994 1768 1038 1819 est.
1069 1774 1103 1817 De

230 1828 374 1880 liberalitate
384 1831 433 1880 dixi
444 1847 485 1881 me
499 1830 628 1889 datumm,
645 1842 762 1895 quantum
775 1830 829 1880 filio
844 1830 887 1881 suo
900 1830 1018 1890 Publius,
1033 1846 1104 1898 quan·

232 1902 285 1943 tum
299 1893 341 1944 suo
356 1895 471 1953 Lentulus
481 1896 560 1947 daret-i
571 1900 598 1947 Ρ.
607 1900 694 1945 Manat.

262 1972 302 2013 71.
321 1960 408 2007 Deinde
413 1960 463 2021 fore
473 1972 497 2007 nt
507 1965 623 2023 agnetae]
652 1963 720 2015 Nos,
736 1955 802 2021 quod
817 1958 933 2007 Gennani
950 1958 1028 2007 etiarn
1042 1954 1105 2007 tide·

231 2034 302 2078 runt,
318 2036 429 2084 angeretur
442 2022 580 2087 scripsimus.
614 2029 670 2071 Duo
680 2019 800 2070 adferebat
808 2022 908 2078 Cicero,
924 2020 1013 2085 quibua
1022 2020 1107 2071 debor-

233 2096 323 2133 taxetur
333 2085 411 2134 filium
422 2087 436 2135 ”a
446 2085 547 2135 consilio
558 2084 719 2149 prolici¹eendi
729 2087 755 2134 in
765 2082 813 2132 llis
823 2085 903 2133 aniam
914 2100 922 2131 ι
940 2086 1047 2147 primum
1062 2082 1109 2149 ipse

233 2147 377 2211 apertissime
389 2163 481 2199 narrat:
498 2150 600 2198 alterum
612 2162 692 2197 autem
702 2160 804 2209 etat‚qu
849 2147 887 2196 illi
896 2142 1110 2203 ostendebantur&

233 2224 262 2259 ut
278 2209 327 2273 ipse
343 2211 442 2260 moleste
458 2212 546 2267 fetro,
563 2226 618 2259 eum
634 2212 722 2260 videret
738 2208 762 2259 se
777 2210 792 2257 a
807 2210 880 2259 fratre
901 2208 1109 2259 familiaritate&

234 2275 311 2334 gratia
327 2274 407 2330 vinci,
427 2273 451 2321 id
472 2273 505 2322 est
520 2280 553 2346 Q
569 2276 712 2322 ciceronem
728 2270 813 2321 Caesari
829 2274 905 2338 magis
919 2271 1068 2323 familiarem
1083 2276 1108 2323 be

235 2334 298 2398 apud
308 2349 363 2383 eum
373 2350 412 2385 tna
431 2338 450 2384 is
460 2338 588 2399 gratiosum
603 2336 711 2400 (gerebat
727 2349 808 2384 aurem
822 2336 864 2384 ille
879 2337 927 2384 hoc
940 2336 1115 2399 temporelxel·¹

235 2398 287 2447 lum
299 2411 382 2447 contra
393 2399 410 2446 li
441 2412 481 2448 roa
492 2403 539 2450 en.
552 2400 672 2474 Pompeii)
686 2412 712 2449 ut
723 2398 793 2448 satius
803 2395 860 2447 effer
872 2432 880 2455 ,
896 2398 1003 2471 hocptet
1017 2408 1113 2465 propter

235 2460 284 2511 lior
299 2462 372 2511 etiam
389 2477 440 2511 non
455 2460 550 2519 facere,
564 2478 595 2512 ne
610 2480 636 2514 tn
654 2462 766 2518 dolorem
781 2460 894 2511 incideret
909 2495 917 2518 ,
933 2476 1009 2525 quern
1025 2466 1114 2515 merito·
1144 2492 1146 2503 ·

238 2537 333 2589 caperet
346 2540 401 2574 cum
412 2522 436 2574 se
445 2524 533 2575 videret
545 2528 571 2575 in
582 2525 705 2590 postremis
715 2525 795 2574 haberi
804 2527 829 2573 bt
840 2526 974 2575 contemni.
1011 2528 1092 2578 Vilior.

271 2600 310 2643 72.
329 2592 398 2635 Velr'm
418 2592 490 2651 magis
505 2592 634 2637 liberalitate
648 2594 684 2637 uti
697 2607 745 2636 mea
775 2606 827 2635 uam
836 2590 880 2649 sua
895 2592 1016 2647 labmm]
1045 2592 1118 2640 Malo'
1144 2612 1146 2621 ·

238 2650 308 2699 illurn
319 2654 442 2713 pecuniam
453 2666 466 2699 a
476 2666 515 2701 me
525 2654 642 2715 accipere,
658 2653 732 2717 qubrn
743 2606 836 2700 hiterius
851 2654 931 2701 vivere
952 2654 978 2701 dx
994 2650 1041 2701 suia
1052 2655 1118 2717 cupi·-
1144 2666 1146 2688 ²

241 2712 353 2761 ditatibus
363 2714 467 2777 obsequi.
482 2717 508 2763 &
519 2712 552 2763 est
566 2720 749 2773 maxoerouaaia.
768 2716 853 2763 carrad.
889 2718 959 2762 Velim
970 2720 1043 2778 mgis
1059 2720 1119 2777 dra}

243 2776 322 2831 Volo,
339 2790 364 2824 ut
375 2780 454 2841 potiua
464 2780 587 2840 pecuniam
599 2778 613 2826 d
623 2793 679 2835 me,
695 2792 810 2840 quantam
820 2776 887 2834 vult,
902 2776 993 2836 sumat,
1009 2778 1085 2841 quam
1093 2782 1119 2830 in'

243 2837 383 2903 Hispaniam
393 2852 439 2889 eat.
452 2838 558 2895 dedicit,
575 2839 613 2888 sua
624 2841 749 2897 libertate,
767 2843 842 2904 quia,
858 2839 875 2889 sr
888 2844 925 2891 Μ.
939 2843 1028 2891 Cicero
1039 2844 1064 2891 in
1077 2845 1119 2893 lii·

243 2900 350 2977 spaniam
366 2900 460 2958 ivisset,
476 2917 530 2951 cum
547 2903 572 2952 id
590 2906 648 2967 patri
666 2900 731 2954 sciret
746 2919 797 2952 non
811 2905 916 2967 placete,
932 2906 1049 2955 nimirum
1061 2908 1118 2956 libe·

244 2981 292 3015 trus
302 2980 371 3031 agere
382 2963 441 3014 visus
452 2963 516 3016 ell'et.
534 2972 560 3017 P.
575 2971 661 3017 Manui.
697 2971 789 3016 Omnes
800 2966 858 3017 editi
870 2982 926 3015 ante
937 2968 1070 3019 Bofianam
1081 2980 1118 3017 aa:

244 3032 295 3079 lim.
328 3029 427 3094 Recepit
437 3044 468 3077 ex
478 3031 585 3095 margine
597 3026 771 3079 Lambinianae:
787 3034 863 3087 velit,
879 3040 965 3080 contra
983 3046 1075 3083 vereret
1089 3034 1119 3081 li·

245 3092 316 3149 bros,
332 3095 373 3158 qui
388 3106 470 3141 tamen
487 3092 601 3142 diversam
621 3094 690 3153 liujus
710 3095 757 3141 loci
774 3091 908 3157 scripturam
925 3108 972 3156 pra
989 3094 1013 3143 le
1033 3095 1117 3145 femur.

247 3156 343 3206 Balliol.
358 3158 464 3203 Veluimt'a
475 3157 605 3204 liberalitate
614 3161 648 3203 uti
657 3174 711 3205 tnta.
730 3156 830 3205 Helmst.
850 3158 886 3201 Ve'l
900 3154 973 3203 nimr‘a
993 3158 1121 3207 liberalitate

249 3222 292 3267 uti.
310 3223 370 3267 Sane
382 3233 421 3267 cur
431 3234 444 3265 a
454 3220 551 3285 vulgata
561 3220 712 3275 recedamus,
722 3218 896 3268 adversantibus
907 3218 1023 3269 omnibus
1038 3222 1122 3271 codici·

248 3280 306 3335 bns,
319 3282 377 3329 nihil
387 3280 419 3328 est
431 3281 497 3345 quod
508 3283 608 3334 suadeat.
626 3284 753 3346 Vulgarum
764 3296 842 3332 autem
859 3281 994 3332 commode·
1003 3286 1125 3335 Manutius

250 3345 364 3407 exponit,
381 3357 453 3404 quem
464 3344 525 3393 vide.
542 3350 651 3394 Graius.
760 3396 763 3402 ,
800 3400 803 3405 ,

283 3423 322 3461 73·
338 3413 373 3452 De
385 3408 449 3452 Balbo
460 3410 517 3465 dan]
532 3411 568 3457 Sic
579 3400 836 3472 accipiotnolabeila‚
850 3414 904 3458 c'um
910 3404 1049 3475 Tulliolam
1059 3408 1124 3461 dimi·

250 3468 325 3529 fidet,
341 3471 453 3520 Ciceroni
464 3470 549 3521 dotent
561 3470 670 3523 debebat.
687 3485 742 3522 eant
752 3486 836 3523 tamen
845 3486 898 3523 nnn
907 3475 1067 3535 nuntceabet,
1081 3474 1126 3525 fic'·
