2296 3900
99 98 959 180 ··Eent.nnArrreumtm7

66 220 147 273 tas;
169 204 206 267 ed
221 223 324 275 vocas,
344 203 439 272 unde,
461 205 546 263 etiam
561 204 642 264 bonis
665 207 735 265 meis
756 205 852 274 rebus,
873 205 965 279 fugie-

70 284 151 343 bam.
189 281 259 359 quid
272 282 350 339 enim
367 282 461 341 nmini
476 299 543 340 eum
565 282 655 351 foro,
677 281 734 340 sme
751 282 884 357 judiciis,
905 280 985 359 finep
1001 297 1120 348 acumini

73 361 170 430 curia,
189 360 219 417 in
234 356 334 417 oculos
360 356 561 416 incurrentibus
582 358 615 416 iis
667 375 738 433 quos
760 358 1115 435 aequoanimof⁰10.macc.

74 435 174 496 videre
188 453 248 494 non
263 429 396 509 poffum?
416 433 505 508 Quod
519 445 614 492 autern
627 402 759 493 fromines
773 434 789 493 'a
805 453 851 493 me
870 434 962 509 postu·

75 513 132 572 lare
153 511 269 579 scribis,
297 522 328 567 ut
349 511 454 567 Romae
476 508 525 567 sim
543 552 552 579 ,
572 529 666 588 neque
687 512 780 580 mihi,
800 522 831 570 ut
857 510 960 581 absim,

79 587 256 655 concedere,
276 597 361 644 ²5aut
375 599 510 662 quatenus
525 603 574 646 eos
588 590 658 646 mihi
679 588 835 647 concedere
856 607 862 644 :
899 589 1118 662 jamucxcus.

79 665 187 741 pridem
203 663 273 722 scito
288 659 359 732 effe,
379 663 444 745 cum
467 680 556 721 unum
578 674 606 721 te
627 665 734 739 pluris,
754 663 839 741 quim
865 682 964 724 omnes

80 742 160 811 ilios,
182 752 297 817 putem:
318 758 355 798 ne
370 758 417 798 me
431 740 547 817 quidem
569 754 749 799 contemno:
781 759 903 816 meoque
919 742 966 815 ju-

83 818 159 879 dicio
189 818 282 876 multo
310 816 377 875 stare
406 818 481 876 malo
509 815 595 894 quim
626 819 755 876 omniurn
785 819 985 893 reliquorum.

82 912 178 971 neque
190 907 287 952 tamen
299 893 463 968 progredior
475 892 603 970 longius,
624 894 709 970 quim
727 895 807 952 mihi-
818 893 955 953 doftiffim
968 896 978 952 i

81 973 215 1035 homines
229 970 405 1029 concedunt:
426 989 548 1047 quorum
563 970 661 1046 scripta
677 973 773 1029 omnia
790 1014 798 1037 ,
819 988 967 1046 quaecum·

85 1066 144 1124 que
165 1046 274 1105 suntin
297 1065 359 1105 eam
379 1046 569 1116 sententiam,
596 1066 654 1106 non
676 1049 729 1123 legi
752 1047 839 1105 solum
857 1090 866 1116 ,
886 1047 965 1123 quod

87 1124 177 1205 ipsum
197 1123 350 1182 eratfortis
372 1125 471 1201 aegroti
496 1125 621 1198 accipere
643 1124 812 1183 medicinam
831 1147 839 1189 ;
869 1123 963 1182 sedin

88 1214 176 1258 smea
197 1201 280 1259 etiam
308 1200 403 1275 scripta
430 1200 576 1267 transtuli;
606 1200 684 1278 quod
714 1213 788 1259 certe
811 1199 906 1259 affiieii
933 1203 988 1259 &q
1004 1191 1093 1242 caeru.

83 1277 163 1335 fredi
178 1277 264 1336 animi
277 1295 336 1336 non
351 1277 412 1343 fuit.
450 1277 537 1337 abhis
552 1294 599 1343 me
613 1275 742 1353 remediis
756 1276 816 1339 noli
845 1277 874 1336 in
887 1275 965 1345 istam

84 1354 194 1433 turbam
207 1371 312 1427 uocate
320 1395 329 1425 ‚
349 1370 386 1412 ne
401 1353 533 1413 recidam.

333 1509 715 1573 prunonnxmn

296 1660 477 1725 CICERO
506 1660 701 1721 ATTICO
742 1661 768 1721 S.

89 1812 175 1923 DE
195 1811 354 1889 Terentio,
373 1809 451 1888 quod
465 1815 534 1873 mihi
550 1832 638 1873 omne
652 1834 723 1873 onus
743 1816 864 1890 imponis
874 1838 882 1881 ;
904 1832 963 1874 non

161 1907 177 1948 c

178 1888 303 2024 oignosco
317 1900 394 1946 tuam
410 1889 437 1946 in
454 1907 500 1947 me
520 1890 745 1966 ‘indulgentiam
771 1892 799 1932 ²⁶
810 1892 871 1961 ⁵istn
886 1886 981 1952 enim:
995 1902 1099 1968 diligen·

89 1970 149 2041 sunt
163 1968 218 2043 ipa
235 1967 363 2034 vulnera,
384 1982 449 2043 quae
462 1984 522 2029 non
539 1964 648 2040 poffum
669 1968 781 2037 tradate
803 1966 859 2026 fine
875 1969 1086 2047 maxi-timus

91 2062 141 2104 mo
155 2044 271 2120 gemitu.
310 2041 455 2101 moderare
469 2043 568 2117 igitur,
588 2041 700 2120 quaes0‚
721 2056 750 2101 ut
764 2056 851 2117 potes.
871 2046 981 2120 neques
997 2044 1030 2081 ¹1²
1040 2033 1094 2087 ²4³·

91 2125 166 2181 enim
182 2121 198 2180 'a
212 2135 242 2179 te
256 2120 331 2195 plus,
352 2117 437 2196 quim
458 2132 562 2194 potes,
583 2119 692 2194 postulo
709 2139 715 2176 :
744 2131 822 2193 potes
845 2133 939 2178 autem
956 2165 966 2191 ,

90 2209 118 2261 37
129 2199 197 2277 quid
211 2200 268 2256 veri
281 2196 330 2269 fit,
348 2195 500 2285 perspicere
514 2210 545 2256 tu
561 2214 640 2269 unus.
677 2195 723 2255 De
738 2197 849 2256 Rutulis
864 2241 873 2267 ,
893 2216 968 2284 qno·

390 2294 394 2307 ·
888 2293 966 2335 nram
1037 2290 1040 2295 ’

126 2445 164 2488 25.
181 2435 235 2480 «Aut
245 2443 347 2496 quatenus
357 2432 414 2478 mihi
422 2446 454 2478 eos
464 2430 591 2489 concedere]
604 2428 670 2485 Nifi,
685 2441 789 2494 quatenus
801 2435 845 2478 Cor.
861 2428 909 2478 hoc
919 2427 968 2484 est,

94 2498 211 2558 quatenus
230 2493 355 2544 consulari
367 2527 374 2549 ,
388 2495 471 2557 legas:
488 2494 546 2550 vel,
562 2507 698 2557 quatenus,
720 2491 786 2555 quafi
803 2491 969 2554 quadantenus

92 2559 268 2622 interpreteris,
291 2557 389 2606 verbum
408 2555 523 2605 desideres
546 2554 638 2605 neceffe
659 2554 701 2610 est.
727 2556 814 2603 carrad.
847 2560 969 2616 Quatenus

93 2620 155 2669 mihi
165 2635 207 2668 eos
216 2621 345 2669 concedere
355 2617 388 2668 est
400 2633 523 2684 quousque
535 2620 595 2668 mihi
604 2619 742 2682 permittant
754 2615 830 2665 abeffe
842 2618 870 2666 ab
881 2617 970 2667 urbe&

92 2685 141 2732 ruri
153 2697 229 2746 agere„
244 2685 337 2732 Ballioi.
349 2681 388 2731 hie
400 2685 487 2732 multas
498 2697 568 2730 voees
579 2680 710 2737 exscindit,
727 2681 758 2729 tic
771 2697 795 2729 n.
808 2681 870 2729 huuc
886 2681 968 2730 locum

89 2747 172 2811 legit:
189 2746 256 2808 Qod
264 2759 336 2792 auem
347 2749 463 2793 hominesa
479 2763 512 2792 me
525 2745 726 2808 postularescribis‚
743 2759 767 2791 ut
789 2757 848 2791 tenus
864 2762 895 2790 eos
911 2748 969 2791 mr'hi

92 2827 127 2856 ecs
139 2810 251 2856 concedere.
284 2812 336 2859 Nec
346 2809 426 2861 multo
441 2809 508 2858 aliter
523 2807 655 2859 flelmstad.
676 2809 743 2871 Qui
759 2820 829 2853 nutem
844 2810 937 2853 innrines
953 2825 968 2853 a

96 2888 132 2918 me
144 2869 249 2933 postulare
259 2871 354 2930 stridis,
370 2888 408 2918 aut
417 2887 476 2925 tenus
492 2889 524 2917 eet
539 2875 595 2925 mihi
606 2872 719 2919 concedere.
738 2870 776 2918 Est
788 2872 854 2917 locus
865 2868 969 2917 salebro·

92 2934 140 2984 sus,
174 2931 218 2981 lstn
228 2932 299 2981 verba
310 2947 347 2980 aut
358 2949 458 2994 quntcnus
468 2951 499 2980 eos
511 2938 566 2980 mini
576 2937 679 2980 concedere
690 2946 748 2995 puto
760 2930 807 2979 ess'e
824 2930 920 2979 iniititiu
940 2935 966 2985 ὃς

93 2994 206 3046 delenda.
222 3013 282 3059 qua,
299 3009 325 3044 ut
336 2995 401 3044 vides
412 3001 477 3045 MSS.
489 3011 539 3043 non
552 2995 653 3050 habent,
669 2998 812 3056 necarique,
824 2993 861 3041 sed
874 3006 968 3045 cantum

93 3076 165 3110 tenus.
197 3057 298 3108 Certesr
315 3074 343 3113 en
353 3058 424 3107 verba
438 3060 591 3121 expunxeris,
606 3056 681 3107 sensus
693 3057 735 3105 etit
748 3056 967 3115 eomrnodiriimus,

94 3126 136 3189 qui
151 3136 213 3171 nune
223 3122 256 3171 est
267 3121 371 3174 insulsus.
405 3126 512 3170 Gravius.

127 3196 166 3236 26.
184 3185 228 3244 Isia
244 3190 321 3243 enim]
348 3190 401 3234 Hoc
422 3183 497 3248 ipsum
513 3184 636 3247 negotium
653 3183 706 3240 est,
723 3181 788 3244 quod
804 3198 843 3232 me
864 3186 970 3235 manime

95 3252 197 3309 cruciat,
213 3249 327 3314 quodque
337 3245 452 3312 enpeffere
464 3261 557 3310 nequeo
568 3245 616 3294 srne
626 3248 694 3295 novis
705 3248 858 3303 irritamentis,
869 3248 967 3303 doloris.

96 3314 195 3362 Latinus
203 3317 306 3362 Pacatus.
323 3327 374 3376 cap.
383 3328 403 3367 3.
417 3317 502 3375 Paneg.
520 3312 629 3358 oritorum
640 3314 757 3359 vulnerum
766 3315 871 3358 cicatrices
879 3316 972 3375 penden-

95 3390 116 3422 te
127 3379 303 3424 ›nanurraciabm
321 3373 437 3437 Just.x11.
454 3389 505 3440 cap.
515 3390 551 3430 ις.
575 3378 706 3442 Teciumquc
721 3377 783 3431 velut
798 3376 891 3425 uulnera
908 3378 972 3427 indo·

98 3439 194 3503 iescam,
220 3438 394 3506 J.E.Gronou.
910 3434 1087 3670 ‘A‘

511 3506 632 3569 πψτη
854 3514 896 3559 ἢ.
968 3572 986 3589 υ
