2296 3900
143 145 910 230 Eursrmndrrrcuttarpop

49 258 240 335 adtempus,
266 254 331 315 cim
345 272 404 313 non
420 272 493 323 ero,
514 256 601 330 magis
622 271 669 312 me
688 266 811 323 movete
829 253 917 331 quim

49 355 96 397 roc
112 339 264 413 exiguum,
282 330 360 409 quod
374 331 443 391 mibi
461 343 554 389 tamen
570 329 688 389 nimiirm
707 330 824 405 longum
839 331 917 390 vide·

49 431 94 472 ur.
113 415 205 472 babeo
219 412 296 469 enim
310 408 397 475 nihil,
417 405 541 466 itentaris
555 407 633 465 rebus
641 404 793 476 omnibus,
812 408 841 465 in
855 417 932 483 quoi
944 414 1020 471 cancii

49 489 224 566 requiescam.
259 503 344 553 narn,
363 483 430 542 dum
445 483 509 541 illud
524 483 690 551 rraetabam,
710 483 745 541 de
761 500 819 559 quo
833 497 913 542 antea
922 485 974 534 aur.

49 565 133 640 'cripsr
154 563 210 622 ¹‘ad
231 576 284 631 te,
313 559 408 636 rquafi
428 559 559 619 fovebam
581 559 690 618 dolores
712 576 800 618 meosr
837 576 912 618 uurrc

49 645 142 705 omnia
156 640 270 715 respuo;
293 637 511 713 necquicquam
530 635 621 695 habeo
643 636 806 693 tolerabilius
824 635 909 710 quarn
921 652 944 700 r,
961 652 1050 701 cxct.

49 717 238 777 iolitudinem:
259 713 375 790 lquam,
395 712 472 788 quod
485 729 559 770 eram
576 712 692 779 veritus,
711 730 771 770 non
786 713 909 770 obturba·
921 711 939 761 ir
953 715 1020 789 aare

49 795 85 852 tit
100 793 246 868 Philippum
284 808 367 858 nam,
388 801 418 847 ut
439 789 498 847 heti
519 805 565 845 me
586 788 731 855 salutavit,
752 787 839 845 statim
855 774 975 854 llo-“st
992 794 1019 824 ⁸⁸
1062 808 1066 815 ·

49 887 124 931 mam
140 868 279 944 profedius
294 866 338 924 eii.
377 864 549 941 Epistolarn,
570 882 654 940 quam
670 864 704 922 ad
725 864 839 922 Brutum
856 908 864 933 ‚
884 841 1065 950 ιιτῗζζω.

49 944 98 1007 ribi
119 947 280 1021 placuerat,
307 941 419 1017 scripsi,
448 940 507 998 misr
528 939 562 997 ad
583 955 618 998 te.
658 940 761 997 curabis
783 958 847 998 cum
869 953 916 998 tua
1055 931 1067 951 ‘

49 1023 251 1098 perferendam.
290 1020 346 1094 ejus
359 1032 454 1076 tamen
469 1014 528 1075 misr
543 1016 577 1073 ad
592 1029 619 1074 te
633 1016 812 1091 exemplum,
831 1027 879 1086 ut,
898 1015 919 1087 fi

49 1097 144 1157 minus
160 1098 293 1171 placeret,
313 1114 349 1153 ne
364 1097 495 1152 mitteret·
533 1093 693 1151 Domestica
716 1092 793 1168 quod
816 1095 852 1152 ais
872 1111 920 1151 or·

50 1175 120 1232 dine
132 1173 325 1245 administrari5
344 1170 455 1238 scribes,
475 1168 604 1247 quaeufint
618 1186 659 1227 ea.
697 1169 825 1243 quaedam
842 1171 918 1228 enim

49 1250 188 1326 exspecto,
225 1249 363 1307 Cocce'us
376 1246 441 1305 uide
453 1264 490 1304 ne
504 1245 651 1304 frustretur.
670 1250 735 1303 nani
752 1246 825 1303 Libo
841 1246 919 1322 quod

49 1323 240 1401 u'¹pollicetur,
260 1332 290 1382 ut
303 1265 373 1391 gros
386 1321 497 1391 scribit,
527 1324 586 1379 noir
609 1322 744 1380 incertum
766 1334 860 1397 puto„
882 1322 918 1381 de
929 1333 954 1368 m
969 1314 1070 1402 mil&

51 1402 124 1462 sorte
138 1421 200 1461 mea
216 1401 336 1476 Sulpicio
357 1399 471 1459 confido
492 1400 522 1457 bt
537 1399 654 1472 Egnatio
668 1395 777 1456 scilicet·
796 1398 831 1457 de
839 1400 918 1476 Apu·
926 1383 1056 1443 mim*

50 1479 126 1553 lejo,
145 1478 213 1555 quid
226 1477 279 1546 esta
299 1477 376 1553 quod
389 1478 511 1544 labores,
531 1475 595 1532 cum
608 1473 640 1532 fit
656 1473 792 1532 excusatio
813 1474 919 1535 facilis?

52 1554 121 1614 Tibi
135 1556 170 1613 ari
184 1565 232 1611 me
245 1555 338 1629 venire
354 1595 362 1622 ,
382 1562 413 1612 u't
425 1551 559 1619 ostendis,
578 1551 659 1619 vide,
680 1568 716 1608 ne
736 1568 794 1608 norr
808 1550 840 1610 srt
855 1553 922 1611 faci·

53 1631 90 1692 le.
129 1631 167 1688 est
182 1631 257 1688 enim
271 1630 385 1704 longum
401 1631 476 1696 iter,
504 1626 744 1702 discedentemque
765 1634 818 1697 te,
843 1629 922 1705 quod

55 1707 182 1767 celeriter
196 1703 244 1762 tibi
259 1705 309 1762 erit
323 1702 431 1763 fortasse
451 1704 636 1773 faciendum,
662 1710 721 1762 non
741 1700 798 1761 fine
819 1722 922 1780 magno

56 1783 158 1843 dolore
178 1779 326 1839 dimittam.
362 1778 407 1841 sed
427 1780 523 1838 omnia
544 1808 553 1846 ,»
578 1791 610 1837 ut
630 1780 715 1837 voles.
754 1794 808 1853 ego
828 1783 923 1849 enim,

76 1857 193 1935 uidqrrid
207 1857 321 1925 feceris,
340 1855 368 1914 id
383 1853 534 1915 cirmrecte
549 1897 557 1922 ‚
574 1867 635 1937 turn
657 1856 740 1912 etiarn
761 1853 826 1913 mei
846 1845 927 1915 cadula

55 1878 162 1995 zetum
176 1933 289 2009 putabo.
328 1933 421 2001 Heri,
442 1924 505 1989 crim
527 1935 562 1987 eir
581 1931 696 1988 aliorum
711 1931 804 1988 litteris
819 1944 927 2007 cogno·

57 2010 153 2086 tillem
169 2011 205 2068 de·
218 2008 336 2068 Antonii
349 2008 510 2076 ⁶adrentu,
530 2006 676 2069 admiratus
690 2005 749 2063 sum
764 2049 774 2074 ‚
793 2008 859 2066 nihil
873 2008 928 2066 eile'
991 2013 993 2017 ’

58 2089 87 2148 in
101 2090 162 2147 tuis.
199 2084 245 2144 sed
266 2097 342 2144 erant
362 2085 449 2160 pridie
470 2077 576 2142 fortasse
597 2083 701 2157 scriptae
729 2080 814 2157 quam
845 2083 925 2144 datae.

60 2183 153 2240 neque
171 2162 218 2221 ista
244 2162 357 2237 quidem
380 2179 454 2220 curo.
493 2159 540 2220 sed
567 2171 662 2217 tamen
685 2159 785 2232 opinor
813 2172 926 2235 propter

59 2239 188 2317 npraedes
200 2238 264 2297 suos
276 2235 462 2298 accucurriiier
498 2236 610 2329 rQuod
629 2233 717 2294 scribit
731 2278 740 2305 ,
761 2234 1038 2375 T⁶¹²¹¹l⁸g¹¹ffl⁶

322 2357 325 2365 .
910 2333 926 2375 e
977 2338 987 2355 .

59 2475 669 2604 tramittiturfraularia}
682 2458 930 2591 {latinitatis

59 2606 107 2661 tia,
123 2605 212 2654 levario
222 2619 272 2667 qua
305 2619 329 2653 m
342 2600 433 2653 doloris
442 2603 534 2652 viderur
542 2603 596 2653 elle.
629 2609 655 2651 P.
663 2608 749 2652 Manat.

98 2680 120 2718 σ.
138 2671 267 2725 Adventus]
282 2667 429 2732 significatur
439 2668 497 2716 iilud
507 2681 600 2729 tempus
612 2699 620 2722 ,
637 2681 686 2728 quo
696 2669 733 2715 M.
747 2668 866 2716 Antonius
877 2671 931 2716 Ro·

63 2731 108 2780 mi
136 2730 250 2783 refectus,
262 2743 286 2777 ur
298 2731 322 2777 in
336 2729 471 2792 Hispaniam
483 2730 512 2777 ad
519 2729 635 2778 Caesarem
646 2731 703 2784 iret,
718 2728 820 2787 deinde,
836 2736 933 2780 muraro'

61 2746 181 2847 condito,
193 2792 267 2839 reditu
281 2790 409 2840 admodum
421 2795 490 2841 celeri
506 2808 547 2856 per
562 2794 657 2840 ltaliam
674 2795 789 2848 cucurrit,
817 2795 843 2842 bt
859 2794 935 2842 nolite

63 2856 150 2905 urbem
159 2855 273 2903 introivit.
306 2856 369 2912 cujus
386 2855 542 2904 festinationis
561 2857 667 2903 manime
683 2853 758 2902 caussa
774 2857 832 2912 fuit,
848 2854 934 2919 quod,

62 2916 937 3041 atrrruletzruttmtrisuntir

65 3043 182 3099 absente,
199 3041 284 3116 prades
296 3041 330 3091 sui
340 3042 507 3092 venderentur:
523 3044 603 3104 iraque
614 3014 730 3099 aceurrit,
750 3056 775 3092 ut
790 3014 833 3101 ¹e'oa
848 2997 935 3092 libeda·

64 3120 110 3157 ret.
127 3105 190 3154 unde
200 3105 259 3154 illud
270 3103 368 3153 fecunda
378 3106 472 3153 ustione
481 3108 506 3154 ln
519 3106 652 3152 Antonium
664 3120 671 3150 r
691 3111 722 3154 Ne
735 3110 760 3155 L.
773 3109 864 3153 Plancus
876 3119 931 3168 pre·

63 3171 102 3217 der
113 3171 165 3230 suos
178 3170 283 3216 venderet.
317 3176 421 3232 Apparet
431 3168 513 3231 igitur,
529 3170 554 3215 δι
567 3167 625 3229 quid
636 3167 684 3214 hacc
699 3166 772 3216 ditato
784 3191 794 3225 ,·
808 3171 934 3228 Adventus

65 3230 197 3296 fignibcetz
214 3235 239 3279 bt
251 3230 310 3293 quid
324 3231 401 3287 iilud,
417 3231 483 3295 quod
497 3232 606 3296 proxime
620 3229 735 3292 sequitur,
752 3237 838 3296 Propter
854 3234 933 3295 prades

60 3297 114 3357 suot
133 3295 286 3343 accucurtiise.
320 3296 386 3343 ldem.
493 3346 497 3352 ,
954 3303 959 3312 ’

100 3373 122 3413 7·
139 3359 205 3420 Qod
215 3359 292 3417 scribis
307 3360 452 3414 Terentiam]
482 3355 596 3405 Terentia
607 3354 793 3405 calumniabatur
807 3356 935 3409 testamen*

66 3433 121 3469 rum
131 3421 269 3468 Ciceronis:
287 3421 389 3484 primum
399 3418 636 3484 quodobfignatores
647 3417 695 3467 five
710 3419 780 3468 testea
793 3416 935 3471 adirbuttier'
1035 3432 1039 3449 ¹

63 3493 145 3555 cenot
154 3481 273 3548 qwtdanr
280 3482 410 3544 homme,
421 3483 578 3550 quotceiarer
590 3481 648 3547 quid
659 3479 770 3549 scripum
783 3481 840 3537 effre
853 3483 943 3597 tang
993 3550 996 3557 Ι
1015 3474 1091 3656 ϊ
