2296 3900
196 94 393 162 Enseu.
432 112 505 161 nn
547 100 851 178 Anrncuu.
893 122 977 190 2005

85 210 238 271 Minturnis
252 207 393 284 Arpinum
406 207 505 267 verim.
543 208 738 271 constitueram
758 253 767 280 ,
789 224 843 273 'ut
856 233 891 274 11.
905 216 988 277 idusv
1003 228 1079 293 pridie

88 299 137 347 aut
150 286 255 364 Aquini
269 301 434 353 manerem,
453 296 503 343 aut
514 286 544 344 in
558 286 683 346 Arcano.
721 286 814 358 nunc,
834 292 875 350 mi
888 293 965 353 Atti-
974 290 1028 344 idue
1044 298 1118 359 Mus.

86 380 122 421 ce
130 404 140 433 ‚
159 374 218 423 tota
232 376 328 421 mente
341 361 472 420 incumbe
485 361 515 419 in
529 362 603 421 hanc
617 378 721 421 curam.
760 381 861 440 magna
887 371 965 429 enim

87 455 131 498 res
145 438 192 499 est.
210 441 262 499 tria
276 439 337 497 sunt
350 450 462 507 autem,
482 455 651 497 maneamne
667 439 790 514 Arpini,
810 459 845 500 an
853 445 963 519 propius

86 516 239 586 accedam,
259 534 295 575 an
310 515 422 577 veniam
438 516 581 573 Romam·
602 514 680 593 quod
702 515 836 577 censueris
856 519 968 586 seciam.

85 589 133 663 sed
146 590 372 730 quamprimum:
392 590 474 651 avide
488 591 617 668 exspecto
641 605 701 651 tuas
720 591 829 656 litteras.
849 612 890 657 un.
903 596 964 657 idua

87 684 156 731 man
189 667 221 724 ⁸4
229 671 259 728 in
274 664 442 731 Sinuessano.

364 824 625 877 wisnona
657 826 704 874 XI.

289 972 471 1034 CICERO
498 975 694 1036 ATTICO
721 975 749 1035 S.

86 1127 254 1237 NOune
273 1130 368 1205 accepi
386 1126 404 1187 i
423 1140 453 1188 te
472 1129 538 1189 duas
552 1128 692 1205 epistolas:
711 1146 829 1207 quarum
843 1128 957 1191 alteram

95 1239 96 1243 =
162 1204 216 1266 kal.
229 1204 360 1276 dederas,
379 1206 491 1265 alteram
506 1206 601 1281 pridie.
639 1207 721 1281 igitur
735 1207 807 1281 prius
830 1206 864 1265 ad
877 1207 958 1283 supe-

83 1280 198 1341 riorem.
237 1283 370 1341 Nostrum
393 1301 462 1358 opus
481 1284 531 1341 tibi
550 1283 659 1358 probati
680 1282 784 1341 laetor:
804 1281 875 1341 ⁸5ex
895 1302 954 1362 qun

77 1352 145 1420 isnin
157 1358 211 1434 ipsa
225 1359 351 1436 posuisti,
371 1376 436 1435 quae
451 1360 521 1418 mihi
542 1358 725 1418 ¹florenti0ra
745 1358 805 1420 sunt
825 1359 880 1418 visa
901 1374 978 1421 tuox
995 1362 1106 1421 florentia

76 1436 197 1513 judicio.
236 1437 339 1494 cenulas
361 1437 437 1495 enim
457 1448 517 1495 tuas
537 1436 690 1495 miniatulas
710 1436 766 1495 illas
791 1431 1016 1497 extimesce-MS·

82 1513 159 1575 bam.
197 1512 244 1579 De
264 1512 324 1573 Sica
338 1513 375 1577 ita
397 1513 435 1579 est
468 1525 499 1577 ut
517 1510 614 1574 scribis.
653 1510 727 1577 ⁸⁶ast
749 1530 823 1595 aegre
844 1531 892 1577 me
911 1528 964 1603 tq.

895 1609 955 1655 nut.

78 1743 121 1805 jus
135 1739 238 1792 desinite
252 1732 385 1801 cuiusmodi
396 1743 447 1793 sunt
459 1744 584 1802 ostanus,
600 1743 689 1809 Julius,
705 1744 799 1794 Tullius
816 1746 842 1795 δι
858 1747 952 1809 genesis

82 1805 203 1864 ejusdem,
220 1808 327 1881 aquibus
344 1806 508 1883 omninum,
526 1808 652 1872 Julianus,
667 1808 792 1881 pullianus
807 1807 951 1861 derivantur.

79 1868 355 1997 &iussisses
362 1868 693 1997 missusnfseiss
704 1870 852 1997 ⁶122}an
863 1877 954 1993 bns,

80 2008 155 2058 quam
167 1994 197 2045 ab
208 2001 311 2044 ..utinam
328 1997 391 2055 euius
403 1996 567 2061 primigenium
582 2000 646 2044 estus
658 1994 709 2047 est.
723 2010 773 2043 non
785 1999 865 2045 V{tntu
900 2002 954 2047 Ne-

80 2072 128 2120 que
143 2072 224 2109 tamen
240 2064 330 2107 Atinas
342 2059 472 2123 improbo,
491 2059 532 2122 qui
547 2058 618 2109 sciam
636 2056 665 2106 ab
681 2061 774 2114 Hirtio,
794 2062 896 2107 Hirtium
908 2074 952 2123 pro

81 2126 212 2179 Ennianus,
228 2121 353 2187 euphonia
363 2121 441 2177 eausa,
453 2136 478 2172 ut
490 2122 615 2171 sciscianus
625 2122 669 2179 ait,
677 2120 835 2171 sotmanizsed
844 2122 908 2172 aliud
917 2123 952 2173 est

80 2198 112 2231 ne
129 2198 167 2234 aee
176 2200 190 2233 a
200 2188 277 2247 fufium
288 2187 415 2247 &surianus
427 2185 478 2235 fieti
489 2202 495 2232 :
513 2185 577 2234 alind
587 2182 617 2233 ab
627 2189 687 2232 Atio
701 2183 830 2237 concedere
841 2189 951 2246 Asianus,

78 2199 128 2295 eting
135 2249 210 2309 piacet
228 2251 302 2298 etiam
312 2253 400 2297 antinus
410 2263 586 2312 nonnunquam
595 2247 715 2298 declinari.
749 2248 842 2323 Masusp.

113 2318 149 2370 84
166 2312 342 2372 IuSt'nuefflmo.]
372 2315 500 2376 coniunge
515 2326 570 2361 cum
587 2311 691 2376 sequenti
707 2310 806 2375 epistola
819 2324 867 2368 na,
883 2310 948 2363 ussit

76 2370 148 2436 ipsus
157 2374 309 2438 principium,
325 2390 399 2440 quum
410 2375 433 2426 se
442 2377 505 2426 dieat
516 2390 530 2424 a
542 2375 671 2425 Mintucnis
682 2377 798 2440 Arpinum
807 2374 884 2423 susus
896 2390 949 2424 ver-

77 2433 148 2484 tisse:
165 2437 202 2484 vel
212 2438 237 2484 in
248 2452 305 2502 agro
317 2437 453 2489 Sinuessano
462 2454 557 2503 expone
568 2454 597 2488 ex
607 2454 635 2488 ea
646 2450 724 2501 pane,
740 2452 791 2501 quae
808 2439 945 2488 Minturnae

78 2500 216 2563 &pontem
227 2500 343 2551 Tisetium
352 2503 449 2567 attingit
457 2517 493 2566 ep.
502 2518 538 2551 12.
556 2502 579 2552 b.
588 2501 604 2551 1.
639 2504 724 2551 sorrad.

109 2571 121 2610 a
125 2578 146 2620 5.
162 2567 200 2609 Eu
209 2578 250 2626 quo
261 2564 320 2613 iuba
335 2567 399 2675 ipsa]
413 2564 566 2630 lugendum,
581 2576 607 2613 ut
618 2564 681 2612 κᾶε
692 2562 820 2611 Lambinus
829 2562 946 2613 emenda·

76 2625 127 2682 uit,
143 2627 204 2674 dibu
213 2627 265 2687 φρ.
281 2640 338 2675 nam
358 2628 435 2676 ibnnii
446 2628 529 2676 vitiose
541 2628 631 2676 Latinis
644 2627 729 2674 litteris
739 2624 887 2688 scripserunt,
902 2645 946 2675 au·

73 2702 109 2745 te,
124 2703 167 2750 pto
181 2689 246 2737 ἔνθη-
264 2690 342 2748 Rufius.
375 2690 451 2739 neue
462 2688 542 2739 Rosius
555 2692 615 2740 ἄνθη
626 2687 677 2736 sunt
689 2693 811 2752 Excetpta.
845 2692 881 2738 sie
892 2695 945 2753 up-

73 2751 138 2816 pulei
148 2751 246 2801 Florida.
263 2750 354 2814 Justino
363 2751 389 2800 in
400 2767 510 2815 procum:
521 2740 602 2813 fintani
611 2755 761 2816 corpusculum.
779 2753 865 2800 Graecis
872 2754 945 2804 subu

72 2815 115 2879 pu,
133 2813 331 2864 Gell.inP12fat.
363 2818 472 2866 Grauius.
891 2822 897 2831 '

31 2875 36 2881 '
108 2886 145 2927 86.
164 2877 231 2938 Hasta
239 2893 264 2923 ea
277 2893 326 2950 egre
337 2895 370 2925 me
378 2882 457 2937 tenui]
472 2883 526 2928 Nos
538 2876 606 2926 aliter
616 2877 678 2926 bunc
688 2878 769 2927 locum
779 2877 880 2943 legimus
890 2912 898 2930 .
915 2880 942 2930 Bc

71 2939 118 2991 nist
129 2939 237 2990 fallimus
247 2955 335 2994 venus,
349 2953 375 2989 ut
385 2938 417 2989 fic
426 2941 604 3007 castigaremus,
619 2940 708 2989 inducti
720 2957 770 2990 non
779 2943 860 3050 faucis
872 2935 955 3003 argan-¹

788 3007 834 3059 io,
866 3004 889 3050 ui
899 3002 942 3054 eni

71 3067 248 3132 aliquantulum
264 3068 309 3116 bae
323 3081 389 3130 parte
404 3069 507 3131 corrupti
525 3065 595 3122 sunt,
614 3069 692 3115 minus
706 3080 787 3125 tamen
799 3018 942 3129 suneqquim

70 3132 143 3181 ueneni
153 3131 277 3190 inquinati.
310 3129 437 3193 quomodo
447 3143 526 3179 nutem
537 3130 578 3177 aiii
587 3129 714 3177 emendare
724 3129 804 3179 conati
819 3126 884 3185 fint,
899 3131 943 3192 qui

70 3195 168 3252 volent,
179 3194 249 3247 facile
259 3192 388 3242 videbunt:
411 3208 496 3242 omnen
511 3193 577 3241 enim
593 3191 656 3239 hune
671 3192 752 3242 locum
766 3191 873 3241 vitiosum
893 3191 943 3242 esse

72 3255 272 3306 existimavesunt.
305 3255 390 3306 Probat
408 3257 481 3305 Attici
498 3255 609 3303 'udicium
628 3253 658 3305 de
674 3258 756 3312 Sicca,
771 3254 945 3320 polliceturque·

70 3317 96 3368 se
106 3334 156 3366 nnn
166 3321 233 3369 aliter
248 3320 323 3385 quim
338 3318 380 3384 ipsi
396 3318 470 3368 visum
486 3272 516 3368 sit
530 3318 647 3368 sastumm
661 3332 667 3363 ε
682 3318 769 3368 sntetm
785 3332 883 3376 tamen,
900 3321 942 3369 tin

104 3376 201 3433 nuissese
211 3386 353 3449 continete,
371 3382 448 3447 quin,
465 3381 522 3431 dum
534 3383 637 3432 Antonii
655 3383 730 3433 vitam
747 3378 874 3447 monesque
888 3396 946 3445 pec--

90 3445 211 3519 singem,
225 3449 316 3501 Siccam
327 3461 426 3514 qunque
436 3443 562 3497 aeensamn
579 3458 696 3508 putamus
709 3447 776 3511 enim
785 3444 816 3497 de
830 3447 944 3518 nuatione

443 3513 607 3569 Mmmnmm
624 3524 637 3571 ι
896 3508 945 3563 uc·

70 3006 182 3061 mentis,
205 3006 327 3053 &tamen
343 3019 394 3052 non
408 3001 457 3053 sine
472 3018 577 3053 venenum
594 3000 707 3052 libnocum
724 3004 776 3052 auxi
