2296 3900
179 114 1018 228 ·17p4brnnn'Duonnctnru8

223 241 273 299 illo
288 239 441 299 carendum
455 234 509 293 est:
530 232 609 307 (nam
631 232 713 293 dolor
731 232 809 292 idem
831 227 973 288 manebit.
1016 230 1104 287 attan

223 316 286 377 tum
300 314 480 389 mediocrius)
500 324 548 369 aut
561 308 655 368 nescio
677 309 746 387 quid
765 305 896 375 interfit,
924 304 1025 363 utrum
1045 303 1103 362 illut

225 411 302 461 nunc
316 391 453 460 veniam,
473 407 508 447 an
528 387 564 445 ad
584 386 684 446 decern
704 404 800 445 annos.
839 400 937 459 neque
959 384 1041 441 enirn
1062 379 1102 439 ista

68 538 71 545 ,
226 471 318 546 major
340 469 521 534 admoniti0‚
548 461 634 540 quarn
655 464 752 542 quibus
781 458 884 520 assidue
914 457 1101 517 conficior&

130 562 136 567 ·
171 606 185 617 ,
226 546 284 604 dies
299 549 329 606 ὃ(
343 547 448 606 nostes.
485 541 553 619 quid
574 540 669 616 ergo?
696 542 826 616 inquies:
846 536 918 595 nihil
932 533 1100 595 litterae?in

225 623 279 681 hac
319 625 413 682 uidem
441 639 470 680 re
503 637 602 676 vereor
623 637 658 675 ne
679 619 764 675 etiarn
785 627 893 673 contra.
934 631 1009 673 nam
1024 609 1100 672 effen

225 642 336 758 fortade
351 701 453 759 durior.
472 696 542 772 ξεςῷ
558 697 671 755 raenim
684 697 781 754 animo
800 691 872 765 nihil
891 691 1020 769 agreste,
1040 686 1101 751 nihil

224 775 410 837 inhumanum
426 775 472 834 cst.
1018 849 1040 896 E
1054 846 1093 895 Η

226 1008 282 1045 eum
292 995 317 1042 in
328 994 386 1044 caelo
396 1008 450 1043 mm
460 993 570 1044 Romulo
584 992 694 1049 fervendo
707 1005 759 1055 rapa
773 1006 851 1039 vorare
868 985 953 1053 (quod
963 985 1063 1038 verbum
1072 980 1099 1041 d

227 1063 320 1106 Senecae
331 1061 354 1106 in
362 1058 435 1109 Ludo
446 1058 477 1109 de
488 1063 569 1108 Morte
580 1057 687 1118 Claudii)
703 1071 776 1118 quarn
786 1069 842 1103 cum
852 1055 938 1101 Salute
949 1056 1005 1104 Dea
1016 1047 1099 1098 habite·

227 1136 261 1181 re.
294 1121 321 1170 ld
334 1124 366 1171 eit
378 1121 468 1186 periill'e
479 1123 550 1173 instar
560 1122 672 1175 Romuli,
689 1122 762 1183 quim
779 1116 870 1167 salvum
886 1114 945 1166 effe.
980 1120 1099 1165 Erantan·

145 1236 150 1247 ,
228 1187 315 1242 ,ιειηίυ
327 1188 389 1235 colle
399 1188 515 1248 Quirinali
527 1191 551 1236 ἃ
565 1187 638 1234 Attici
648 1184 751 1242 domus,
767 1183 792 1231 dr
808 1183 933 1246 templum
949 1177 1100 1241 Quidum&

229 1248 315 1298 Salutis
327 1250 393 1300 adet.
412 1252 459 1321 sup.
471 1250 512 1300 lib.
520 1263 555 1302 ιν.
572 1265 608 1313 ep.
618 1266 638 1300 ι.
670 1248 695 1307 J.
701 1252 727 1302 F.
733 1253 829 1296 Gronov.

263 1327 299 1366 33.
315 1316 469 1360 Tantummodo
480 1318 536 1361 ocius
547 1350 554 1372 ‚
571 1316 629 1372 dra]
658 1312 717 1374 Quis
732 1327 782 1361 non
792 1306 872 1358 videat
883 1309 952 1360 hunc
962 1312 1041 1359 loom
1051 1323 1101 1373 pet·

229 1373 350 1442 turbatum
363 1375 425 1426 eise?
442 1392 514 1441 quare
528 1393 572 1425 nos
589 1379 662 1425 etiam
674 1389 699 1424 ut
715 1372 856 1424 mendosum
869 1388 929 1423 eum
947 1375 1099 1423 notavimus:

227 1435 308 1509 lolirm
330 1440 412 1501 (quod
428 1439 442 1489 d
458 1439 595 1490 melioribus
612 1439 784 1503 exemplaribus
804 1439 961 1499 accepimus)
981 1440 1049 1485 odius
1071 1449 1099 1485 ex

228 1499 318 1570 (otrus)
335 1504 475 1552 variarimus
488 1503 526 1559 ‚fi
547 1503 611 1552 forte
627 1504 652 1551 id
662 1504 742 1565 aliqua
756 1500 848 1551 ratione
864 1501 935 1558 (licet
947 1515 1011 1549 ¹non
1027 1501 1098 1557 minut

226 1565 380 1625 rnquiuatum
395 1567 517 1626 uideatur)
533 1565 609 1630 pollet
625 1567 655 1614 ad
671 1582 750 1614 rerum
766 1565 895 1613 rectionem
912 1563 1046 1625 emendam
1060 1563 1098 1611 ali·

229 1627 288 1700 quid
304 1631 356 1693 opis
370 1629 468 1680 adferre.
501 1629 659 1694 quarendum
676 1645 754 1677 autern
773 1643 812 1677 cor
824 1623 868 1673 fibi
885 1641 968 1684 nunc,
979 1629 1097 1692 postquam

228 1704 285 1739 vrert
298 1695 419 1750 animum,
435 1695 526 1745 facilius
536 1706 601 1757 putet
618 1693 664 1742 ell'e
679 1696 704 1742 in
720 1690 877 1743 Tusculanum
895 1691 1032 1743 accedere:
1047 1704 1097 1739 narn

229 1768 281 1807 non
291 1757 370 1805 multo
382 1755 437 1806 ant'e
454 1774 508 1807 curn
524 1759 580 1806 illuc
595 1756 619 1807 se
633 1756 748 1820 ptoficisei
761 1755 824 1806 velle
839 1750 952 1813 dixilset‚
969 1756 1098 1815 subiunxit,

208 1870 213 1885 Ι
230 1820 322 1864 conradi
335 1825 392 1866 enim
407 1826 523 1878 animum,
554 1823 581 1873 la·
592 1821 682 1881 forraffae
698 1824 763 1867 vicr':
776 1821 797 1878 fi
811 1818 872 1864 modo
883 1823 1032 1881 permansero.
1063 1824 1097 1869 dn

228 1879 295 1952 quod
309 1880 342 1930 ibi
352 1884 442 1948 aliquid
452 1885 522 1942 effer,
539 1884 604 1948 quod
616 1885 650 1933 illi
664 1884 805 1934 memoriam
817 1877 849 1926 sui
860 1879 956 1931 doloris
966 1888 1099 1934 renovaret!

228 1942 272 2016 nrfi
284 1946 419 2005 conjellurd
430 1948 514 2003 fallor,
530 1949 620 2012 aliquid
630 1964 678 1997 erat
690 1946 756 2012 quod
771 1945 800 1994 ad
812 1945 925 1993 Tulliolae
942 1945 1039 1996 obitum
1054 1962 1100 2011 per·

228 2006 328 2057 truebat.
361 2010 488 2075 Sulpicarer
498 2028 550 2061 eam
561 2013 593 2062 ibi
603 2012 667 2060 diem
677 2010 743 2061 suum
754 2004 851 2065 obiisse,
862 2007 906 2056 nili
918 2008 1006 2059 icirerrr
1016 2012 1100 2060 Plutar-

228 2069 302 2119 chum
311 2072 358 2121 hoc
367 2073 399 2123 de
409 2074 457 2138 ipsa
467 2077 558 2133 dicere,
575 2077 668 2125 dulim
680 2076 794 2122 vitreum
803 2082 865 2127 παμ·
876 2073 981 2132 rinno:
994 2076 1021 2123 ἀ
1034 2074 1101 2123 Alco·

228 2135 296 2182 nium
307 2136 381 2186 eriam
393 2138 557 2196 tradere,eam
568 2138 630 2202 apud
640 2134 765 2187 secundum
775 2134 851 2182 virum
868 2147 995 2185 mortuam
1015 2135 1062 2186 elle
1075 2152 1101 2187 ex

228 2211 304 2258 partu.
338 2205 426 2249 Verum
442 2203 466 2250 hi
482 2204 568 2265 optimi
591 2216 684 2250 autores
703 2197 800 2249 fortaffe
817 2197 957 2259 intelligere
977 2202 1099 2253 voluerunt

228 2258 836 2390 illllfulistd{ililliflllilllril
853 2263 1102 2379 {illidii-⁵294

228 2386 296 2446 runt)
313 2384 434 2451 Nouem,
451 2394 476 2441 δι
491 2389 587 2439 fortaffe
598 2390 678 2448 duos,
693 2405 718 2438 ut
730 2405 760 2438 ex
778 2388 883 2450 plurimis
899 2389 1031 2441 Cioeronis
1047 2394 1102 2445 locis

229 2447 321 2498 ridetur
335 2453 418 2517 colligi
439 2456 464 2503 &
481 2452 593 2503 affirmari
602 2451 674 2518 polle.
708 2457 794 2517 Neque
804 2450 835 2502 de
846 2451 903 2500 loco
914 2451 1102 2516 intellexerunt,

228 2526 255 2567 ut
267 2528 318 2562 non
328 2529 456 2581 repugnet,
467 2518 525 2579 quin
536 2517 599 2567 credi
616 2516 701 2580 pellit,
714 2532 768 2565 eam
784 2516 809 2564 in
824 2513 962 2564 'rusoulano
973 2521 1050 2581 patris
1064 2520 1103 2570 de·

229 2590 327 2645 gentem
339 2596 417 2630 morte
426 2595 560 2644 correptam
571 2579 651 2638 fuiffe,
669 2578 793 2643 prasertim
809 2578 979 2690 cumsperegre
992 2584 1029 2631 vir
1038 2582 1103 2636 effer

877 2656 902 2690 ar

229 2656 261 2689 eo
272 2642 336 2690 enim
353 2657 460 2710 ternpore
470 2643 599 2695 Dolabella
608 2646 632 2693 in
643 2642 754 2707 Hispania
766 2657 820 2690 cum
826 2644 867 2690 Cae
902 2643 1102 2702 e,adve1srucn,

228 2706 337 2768 Pompeii
347 2708 434 2757 liberos
444 2707 534 2756 bellum
547 2722 658 2772 gerente,
667 2720 725 2756 erat.
742 2710 827 2770 Neque
837 2717 920 2753 tamen
931 2706 981 2757 hoc
991 2708 1103 2762 affirmet

229 2766 269 2817 sed
283 2784 336 2817 cunr
348 2774 478 2836 cogitarem
488 2773 545 2831 quid
556 2770 603 2820 effe
630 2772 729 2825 eruerit,
745 2769 810 2831 quod
826 2769 848 2816 ei
863 2768 950 2817 vulnus
967 2764 1104 2830 suidolorit

228 2832 390 2882 refricaturum
401 2836 472 2890 erlet,
488 2834 547 2884 lieo
560 2850 603 2896 pro
621 2833 759 2883 cisterctur:
776 2833 811 2881 nil
827 2830 890 2881 aliud
905 2833 969 2883 milti
983 2840 1104 2897 occurrit,

229 2894 256 2946 δι
268 2895 393 2946 lroovalde
403 2897 517 2961 quadrare
533 2900 606 2946 viium
624 2896 664 2947 eil.
698 2902 753 2945 Hac
767 2898 831 2943 enirn
847 2899 963 2960 precipue
981 2915 1021 2949 res
1035 2900 1105 2951 dolo·

228 2977 280 3014 rem
292 2974 406 3011 renovare
415 2976 521 3025 poterat,
537 2977 652 3025 quaeum
668 2961 693 3009 in
708 2960 818 3009 maximo
828 2973 936 3009 moerote
951 2964 978 3012 dt
989 2964 1058 3014 lustu
1068 2978 1103 3014 te·

226 3038 324 3074 nuerat:
341 3041 422 3074 verum
433 3024 570 3074 eruditiores
581 3026 627 3073 hoc
638 3024 774 3086 diligentius
784 3021 865 3071 investi
884 3022 966 3075 abunt.
988 3030 1103 3081 Viderint.

226 3092 255 3137 ln
261 3091 367 3152 margine
377 3090 538 3138 Larnbinianae
549 3091 675 3136 notaturin
682 3038 1050 3139 verericodiceedeuntmmao
1059 3109 1104 3138 no·

224 3153 318 3207 dolius:
334 3151 430 3214 quemsr
443 3152 510 3200 bona
521 3165 584 3199 notar
596 3149 663 3199 fuiss'e
673 3150 784 3198 haberem
794 3150 955 3212 exploratum,
961 3154 1104 3205 aliisomni·

225 3215 267 3262 bus
280 3214 420 3264 lectionibus
430 3217 504 3279 longe
514 3216 655 3278 proferrem.
667 3212 698 3261 iic
709 3214 733 3263 in
742 3231 761 3262 r.
773 3211 904 3262 deFinibus
915 3214 976 3263 dixit
990 3234 997 3263 ι
1014 3217 1104 3279 medodi

219 3280 280 3338 serra
291 3281 384 3338 injurias
392 3280 500 3339 fortune:
516 3284 545 3326 Et
556 3280 620 3341 ipsias
627 3278 733 3335 fortuna,
751 3279 843 3341 inquit,
858 3277 950 3334 modesto¹
957 3279 1023 3336 ferre
1034 3267 1104 3329 doceat

223 3347 325 3397 injurias.
357 3345 392 3391 Sic
407 3357 490 3391 contra
503 3360 551 3388 omo
571 3342 709 3399 immodffi,
726 3342 773 3391 hoc
787 3340 839 3397 est,
859 3338 1025 3395 immoderate
1043 3343 1105 3410 apud

225 3407 333 3462 Plautum
344 3408 435 3455 l'oenul.
452 3404 493 3454 lib.
507 3420 525 3453 1.
544 3407 570 3454 δι
588 3406 713 3464 imraodeftae
729 3409 850 3471 largitiones
866 3402 930 3471 apud
945 3409 1065 3460 Senecam
1078 3410 1104 3457 irt

226 3473 345 3535 controv.
361 3483 405 3535 pro
415 3466 562 3525 immodicis.
594 3471 705 3529 Gravius,
1070 3529 1093 3595 Λ

1010 3551 1049 3601 34.
1063 3536 1105 3585 Η
