2296 3900
377 135 662 213 Libri.
857 148 937 211 216¹

63 260 122 331 qu'e
136 256 266 337 injuriose
280 261 315 320 de
329 260 376 320 illo
392 259 513 335 suspicati
534 260 586 319 sint
605 256 755 332 homines)
774 274 826 316 oro
852 269 936 333 atque

64 334 181 395 obsecro
195 351 245 408 te,
262 338 380 406 Cicero,
400 336 625 396 ueceilitudinern
641 335 761 394 nostram
781 344 937 419 ¹¹tua'rrrque
949 343 965 376 ¹¹
976 340 1047 404 ,ΨΜ

63 408 93 467 in
116 416 163 470 ine
184 414 399 473 benivolentiam
429 413 588 480 obtestans,
614 411 711 470 sororis
739 426 813 469 meae
838 407 998 467 liberos“”·

62 485 228 548 obliviscaris
242 484 295 549 elle
309 489 409 565 Lepidi
422 487 511 559 illios,
532 505 634 565 meque
649 488 689 545 his
703 487 731 545 in
745 486 826 563 patris
838 485 936 543 locum

60 560 368 625 succeilrlseexiiiimes.
405 564 461 622 hoc
476 563 599 623 iiltei
650 575 728 633 etro,
747 561 851 621 49uihil
868 576 933 648 pro·
995 576 1052 638 reg.

62 636 142 696 letto
165 641 296 701 dubitabis
315 658 366 717 pro
386 639 427 699 his
448 638 588 715 suscipere.
654 639 714 697 liter
735 640 780 698 ulii
802 654 867 695 curn
882 637 934 696 surs
946 648 1066 685 “tatw-

63 714 172 773 vivunt.
211 720 278 778 nihil
297 729 335 775 ⁰e
354 736 373 776 o
387 713 496 793 possum
509 717 538 775 in
551 715 651 775 sororis
665 732 738 773 meae
758 714 847 773 liberis
860 714 935 772 face·
949 747 966 781 o
980 736 1028 781 ρο
1037 741 1090 780 m

64 800 178 866 te,quo
193 792 273 868 polilt
287 736 389 869 expderi
410 793 538 852 voluntas
553 810 615 850 mea
640 804 688 850 aut
701 791 835 877 officiunt.
855 788 934 878 Quid
947 809 979 859 po
1012 795 1091 847 rat.

63 868 135 923 vero
148 883 195 927 aut
208 873 276 930 mibi
291 872 409 929 tribuere
421 869 488 928 boni
501 862 627 944 possunt,
647 866 668 926 fi
690 866 780 955 modo
802 866 878 943 drgnt
890 864 935 924 su·

66 958 146 1012 mus,
165 947 262 1020 quibus
275 945 376 1023 aliquid
389 945 536 1004 tribuatur:
556 958 604 1004 aut
626 960 680 1020 ego
694 957 776 1003 matri
807 960 840 1001 ae
859 942 936 1002 soto·

64 1019 87 1075 ri
115 1023 258 1097 puerisque
288 1023 338 1080 illis
359 1020 653 1096 praestaturus-usum,
692 1018 801 1080 finihil
822 1018 964 1089 valueritp
978 1021 1024 1075 iim
1037 1026 1090 1077 alit.

65 1096 139 1169 opud
159 1110 187 1154 re
207 1100 400 1175 reliquumque
419 1096 543 1156 scutrum
567 1138 576 1166 ,
609 1108 706 1156 contra
725 1109 831 1172 patrem
854 1093 940 1171 Lepi·

66 1170 134 1229 dum
159 1172 256 1232 Brutus
275 1170 452 1233 avunculus?
480 1170 601 1233 Scribere
629 1174 716 1232 multa
737 1172 772 1231 ad
794 1185 823 1231 te
844 1188 937 1249 neque

68 1246 177 1321 polium
208 1266 265 1325 prae
287 1250 466 1310 sollicitudine
484 1266 518 1308 ac
538 1250 707 1320 stomacho,
728 1265 819 1326 neque
839 1247 938 1307 debeo.

66 1323 142 1381 Nam
161 1324 222 1384 siin
242 1338 317 1385 tanta
341 1340 370 1384 re
387 1336 501 1401 tamque
514 1321 776 1384 neeeffadarverbis
790 1324 964 1409 mihlopusq
981 1343 1056 1396 mbr.

64 1398 103 1457 est
118 1400 153 1459 ad
175 1414 205 1459 re
219 1400 395 1460 excitandum
417 1402 446 1460 &
460 1400 700 1460 confirmandum:
721 1399 795 1460 nulla
810 1401 868 1476 spes
880 1401 1059 1473 est,opuuttt·.

62 1474 203 1534 fleturum
217 1489 245 1536 te
262 1477 339 1554 quod
353 1478 440 1547 volo,
461 1477 582 1554 &quod
601 1488 722 1552 oportet.
759 1481 856 1608 quare
874 1477 933 1538 noli

63 1551 220 1627 exspedare
235 1553 330 1629 longas
343 1570 445 1631 preces.
483 1554 590 1613 intuere
604 1553 757 1629 meipsum,
791 1554 861 1630 oqui
875 1555 932 1613 hoc

62 1626 142 1699 bre,
164 1627 236 1688 vell
253 1629 414 1700 Cicerone,
440 1629 663 1707 conjuntliffimo
682 1630 824 1700 homine,
844 1633 933 1705 priva·

61 1703 133 1771 tim;
155 1703 230 1765 vell
250 1704 407 1774 consulari,
432 1706 480 1765 tali
500 1707 583 1775 viro,
616 1721 724 1766 remota
737 1706 934 1767 neceffitudin'e

64 1782 199 1854 privata,
237 1783 385 1857 impetrare
408 1781 506 1840 debeo.
544 1782 623 1918 quid
649 1781 681 1841 fis
702 1782 821 1844 fodorus
850 1784 936 1845 velim

64 1857 136 1916 tnihi
149 1856 358 1936 quamprimbm
372 1856 507 1917 rescribas.
524 1858 565 1916 Ka
576 1857 640 1918 end.
650 1860 749 1936 Quint.
757 1878 793 1920 ex
801 1860 899 1921 castris.

317 1988 580 2063 tz'rrsroui
612 2016 687 2064 xiv.

285 2152 468 2212 CICERO
494 2151 663 2214 BRUTO
689 2153 716 2213 st

115 2303 240 2362 Reuss
261 2317 319 2365 tuae
342 2306 462 2364 litterae:
490 2305 586 2367 breves
614 2307 678 2368 dico
695 2305 708 2367 ἓ
725 2309 817 2371 immo
837 2311 932 2375 nullae.

125 2378 244 2438 tribusne
270 2380 404 2440 versiculis
424 2384 464 2440 his
490 2383 659 2458 temporibus
688 2384 785 2445 Brutus
805 2387 841 2449 ad
861 2386 930 2450 me?

66 2454 171 2512 t¹riihil
184 2454 337 2533 scripsissem
352 2455 451 2533 potilu.
489 2461 645 2536 &requiris
660 2478 742 2520 mets.
775 2464 852 2537 Quis
865 2456 930 2525 lma

63 2545 149 2604 quam
164 2532 198 2589 ad
211 2545 238 2589 te
252 2544 364 2590 tuorum
380 2531 437 2589 sure
451 2535 520 2591 meis
535 2534 639 2593 venit?
660 2539 735 2610 Quae
757 2550 851 2599 autem
873 2544 933 2619 epi*

62 2605 130 2664 stola
143 2624 203 2665 nou
223 2609 330 2683 pondus
352 2608 474 2667 habuit?
495 2612 570 2685 Quae
590 2609 611 2668 si
630 2610 665 2670 ad
685 2625 713 2671 te
732 2614 843 2689 perlatae
870 2637 929 2679 non

856 2691 934 2768 suut,

62 2831 204 2898 delebitque
219 2834 320 2884 alterurn
334 2838 371 2898 effa
387 2871 394 2893 ‚
411 2834 476 2898 quod
493 2851 551 2886 mox
566 2837 709 2904 sequebatur.
726 2841 800 2893 uoilrl
815 2844 875 2905 nibil
890 2860 932 2897 ve·

61 2890 143 3007 gant,
159 2895 202 2946 uifi
217 2898 282 2963 quod
299 2913 374 2964 quart.
386 2916 437 2948 nou
452 2898 564 2965 agnoscat
578 2915 612 2961 te,
629 2905 795 2970 retinuerltque
805 2904 884 2960 sotum
894 2912 931 2964 de.

89 2970 159 3009 tuter.
1024 2998 1031 3009 ·

94 3037 133 3080 4⁹·
150 3025 215 3071 Nihil
226 3023 318 3086 proflat
333 3026 442 3075 deliratis
453 3039 491 3090 pro
507 3031 541 3075 his
547 3029 575 3089 su
585 3031 651 3091 cipere
659 3031 750 3088 aliem]
764 3037 793 3081 In
803 3029 878 3091 libro,
891 3038 933 3100 qul

61 3081 107 3132 fuit
118 3086 262 3143 Leonlceni,
278 3084 388 3153 striptum
397 3088 430 3138 est
437 3104 444 3136 t
452 3093 516 3138 Nihil
522 3104 559 3153 pro
571 3095 613 3140 ello
623 3094 773 3158 dubitabt'spn
783 3096 934 3162 mfitsct'pere,

61 3148 118 3211 quod
128 3149 158 3194 aa
164 3148 258 3207 salutem
267 3168 338 3198 eorum
348 3157 461 3216 pertineat.
493 3151 569 3204 Urfin.
586 3172 589 3177 ·

94 3226 132 3266 50.
149 3211 200 3269 Qut·
210 3214 247 3259 hoc
255 3230 270 3258 a
279 3227 299 3259 u
310 3216 347 3261 vel
357 3218 382 3261 ab
395 3219 448 3274 clu]
464 3218 559 3265 vocula
568 3234 583 3265 a
592 3230 613 3266 te
624 3233 673 3269 nou
685 3220 784 3270 erautin
794 3223 931 3277 Ballioleull

61 3273 156 3328 sotice,
173 3276 198 3324 δι
209 3274 337 3338 magnifiee
350 3278 426 3342 magis
435 3279 560 3330 extollitur
570 3282 662 3341 oratio,
677 3281 789 3334 liabiint.
805 3286 933 3341 Sed'rullii

63 3342 148 3382 manus
159 3334 318 3388 confideretur
341 3344 435 3391 Gronov.

96 3412 132 3451 ςι.
151 3403 214 3447 Nihil
219 3400 341 3464 firipfiffim
352 3408 444 3469 putiau]
459 3406 536 3457 ilicet
549 3410 636 3461 Falrrd
648 3411 801 3477 conludere,
816 3414 857 3477 qul
863 3415 933 3475 smy-

59 3458 106 3521 βψ
115 3460 211 3524 putebat
222 3462 358 3529 legendum.
389 3467 464 3530 vrfin.
696 3494 699 3502 ·

464 3534 568 3594 stim
839 3551 875 3593 52·
892 3536 933 3584 re·
948 3544 981 3617 Ἀ
