2296 3900
156 135 458 202 Ernst-‘An
501 112 803 207 Ae'reeuer.
851 135 983 227 1877.
1083 194 1096 219 ,

49 242 102 300 tud
117 239 195 319 causei
203 240 262 313 feti.
301 240 382 315 de
395 240 418 312 fi
431 263 483 300 non
496 242 620 318 impetro,
637 258 684 321 per
699 263 740 300 mc
761 246 851 303 clodio
873 250 924 306 da-

49 336 127 377 tarus
141 338 193 377 nan
200 318 264 393 sum
283 342 290 374 s
312 332 344 373 ut
358 319 506 391 intelligas,
518 321 623 397 quanti
638 319 710 397 apud
725 338 766 378 me
783 326 927 385 audieritas

49 411 99 454 tua
120 410 161 467 rt,
180 411 260 475 atque
275 414 302 452 ea
317 409 343 451 te
351 391 546 479 placabilrbrem
558 396 678 472 plebeus.

180 554 368 619 CICERO
394 555 633 626 ANTONIO
669 557 770 619 COS.
797 559 824 620 S.

113 714 170 770 Uo
181 729 201 769 ι)
218 729 317 768 mecum
328 723 374 797 per
389 707 491 768 litteras
504 711 576 784 agis,
596 732 679 770 unam
695 710 725 770 ab
740 713 847 789 causeam
855 718 926 773 mal·

128 790 178 846 lem
196 806 281 844 coram
297 787 372 863 egiffe.
410 808 461 845 nan
479 788 549 860 enim
563 788 652 864 filliam
667 810 700 848 ex
715 792 856 859 aratione,
878 795 927 868 sed

50 865 181 923 etiamen
204 861 306 933 vultu,
334 879 367 925 (9¹
385 863 489 933 aculis,
509 882 554 925 ω’·
558 867 646 931 frome
665 867 709 938 (ut
724 867 814 941 aiunt)
835 887 924 926 meum

49 962 111 1016 erga
127 957 152 998 te
168 961 282 996 amarem
301 940 434 1018 perspicere
453 941 575 1018 petuiffes.
614 962 680 999 nam
702 940 763 998 eiam
784 960 816 1019 te(
822 945 931 1021 semper·

49 1019 165 1083 amavi,
180 1017 300 1092 primum
313 1033 357 1074 tue
368 1017 470 1087 studit,
487 1017 539 1094 post
561 1018 642 1076 etiam
663 1018 779 1090 benefitia
796 1035 924 1097 provaca-

49 1109 97 1150 tus
105 1117 114 1161 ;
136 1109 194 1150 tum
208 1093 247 1150 bis
260 1092 412 1170 temporibus
428 1094 566 1171 respublica
580 1111 605 1152 te
618 1094 686 1153 mibi
701 1097 741 1152 ita
757 1099 924 1167 cemmenda-

49 1173 122 1238 vit,
142 1187 173 1227 ut
193 1170 320 1229 cariorem
336 1170 448 1228 babeam
477 1172 614 1234 neminem,
649 1173 741 1231 littere
764 1175 827 1230 verb
859 1191 924 1244 tue,

50 1248 142 1303 mcurn
156 1245 346 1321 amantiffimi,
366 1264 425 1304 tum
441 1245 684 1320 bonorificentiffiml
700 1247 815 1325 scripta,
832 1248 868 1326 fic
882 1271 923 1308 me
933 1270 963 1329 m¹
973 1269 1022 1308 tera

50 1324 214 1408 afficeruut,
235 1340 266 1382 ut
281 1343 333 1382 nm
349 1324 412 1381 dare
424 1324 473 1381 tibi
486 1322 633 1396 beneficium
649 1325 753 1385 viderer
771 1369 779 1395 ‚
793 1327 842 1402 sed
856 1321 980 1394 acci-,²¹¹1-

49 1414 108 1476 pere
123 1400 143 1458 d
156 1416 198 1471 te,
218 1400 258 1457 ita
270 1417 388 1476 petente,
402 1416 433 1457 ut
446 1401 584 1458 inimicum
597 1422 701 1471 meum,
721 1412 750 1453 72
760 1404 924 1479 merdarium

49 1482 147 1548 tuum,
166 1499 206 1535 rac
220 1478 306 1536 invita
317 1476 423 1550 servare
436 1476 530 1547 nolles,
550 1477 610 1535 ciam
626 1479 654 1535 id
670 1476 743 1536 nulla
764 1481 859 1555 negotia
870 1483 921 1553 fa·
1008 1517 1011 1523 ·

49 1570 104 1612 cere
115 1555 198 1630 prffes.
241 1561 293 1628 Ego
306 1555 368 1611 verb
388 1554 437 1610 tibi
451 1554 529 1626 istuc,
551 1556 590 1610 mi
607 1555 726 1624 Antoni,
747 1560 921 1623 remitt0;at·

49 1642 99 1709 'que
115 1633 171 1696 ita,
191 1644 222 1685 ut
236 1651 276 1686 me
290 1630 309 1686 d
324 1643 365 1695 lc,
386 1631 446 1686 ciam
460 1630 501 1687 bis
514 1630 600 1688 verbis
609 1632 756 1713 scripseris,
777 1632 918 1707 liberaliffi·

49 1710 94 1765 mi
107 1723 187 1782 atque
209 1704 448 1781 bonorificentiffiml
471 1711 618 1763 trallatum
639 1708 798 1782 existimem:
820 1711 946 1789 nidquen
962 1721 1036 1785 iraque

49 1783 115 1840 cum
129 1798 240 1850 tetum,
261 1802 360 1861 quaqua
376 1782 449 1838 meda
462 1783 487 1853 fe
509 1803 547 1839 res
569 1781 699 1854 baberet,
725 1784 775 1842 tibi
797 1781 978 1851 dandamim·

49 1875 186 1937 putarem;
208 1876 267 1916 tum
282 1860 313 1915 do
327 1859 408 1915 etiam
423 1856 588 1917 humanitati
600 1877 633 1923 ω’
648 1878 747 1917 nature
761 1881 823 1918 mee.
851 1864 923 1921 nibil

49 1938 121 1997 euim
142 1956 271 2012 umquam
292 1956 352 1995 uon,
366 1935 441 1991 mrdb
461 1933 581 1991 acerbum
608 1937 637 1992 in
660 1956 700 1992 ms
716 1937 799 2004 fuit,
825 1940 866 2004 (ed
888 1961 925 1996 na

49 2013 136 2090 paulli
151 2013 256 2092 quidem
277 2012 376 2086 tristius
401 2027 449 2067 aut
461 2011 579 2086 severius
604 2009 688 2088 quim
724 2010 849 2085 neceffitas
872 2017 923 2071 rei-

49 2090 150 2168 publice
164 2089 315 2166 postulavit.
359 2086 482 2156 Accedit,
502 2104 534 2145 ut
549 2107 581 2144 ue
595 2088 624 2145 iu
642 2089 724 2164 ipfitm
756 2091 843 2147 uidem
858 2091 922 2147 Cla·

49 2167 125 2224 dium
142 2186 229 2233 rneum
243 2164 337 2253 infigne
354 2166 444 2223 adium
451 2165 539 2237 suerit
552 2166 680 2242 uinquam
690 2185 698 2223 t
709 2164 856 2245 semperque
877 2166 919 2225 ita

49 2242 145 2314 ssatui,
166 2263 217 2301 nen
232 2242 275 2318 effe
288 2243 447 2318 enseliandas
468 2240 635 2301 inimicorum
649 2243 762 2313 amicas,
779 2243 918 2318 presertim
939 2250 984 2315 ‘R
1006 2262 1035 2312 Β,

49 2319 223 2385 humiliores;
251 2339 295 2376 nte
310 2321 351 2377 bis
360 2317 479 2396 prafidiis
499 2334 603 2377 uosmet
623 2319 690 2396 ipses·
703 2321 746 2394 effe
762 2319 918 2396 spoliandas.

49 2406 127 2456 Nam
144 2397 173 2452 de
191 2408 268 2471 puero
284 2396 372 2453 Clodia
386 2412 446 2452 tuas
457 2407 566 2471 ⁰partes
588 2394 631 2472 effe
647 2393 762 2454 arbitrer
779 2438 788 2465 ‚
806 2410 837 2452 ut
864 2397 918 2472 ejus
928 2416 944 2449 ο
954 2405 1031 2476 partie

49 2474 171 2532 animum
191 2486 332 2547 tenerum,
370 2473 589 2550 quemadmodum
598 2473 706 2548 scribis,
735 2472 775 2529 bis
793 2467 979 2549 opinioni-³¹¹?

49 2550 98 2613 bus
112 2547 231 2616 imbuas,
250 2563 281 2605 ut
295 2569 325 2606 ne
339 2552 404 2627 quas
417 2547 570 2611 inimicitias
582 2545 685 2623 tcfidere
700 2548 730 2607 in
739 2548 856 2621 familiis
872 2569 918 2607 nc·

49 2626 107 2701 pris
130 2623 282 2683 arbitretur,
319 2625 437 2683 contendi
458 2644 517 2682 aum
537 2632 570 2682 P.
587 2625 702 2693 Clodia,
732 2625 792 2684 enm
813 2645 854 2700 ega
870 2639 921 2703 pu-

49 2703 145 2760 blicam
161 2702 282 2776 caufiam,
300 2701 344 2758 ille
356 2703 436 2775 suam
458 2699 611 2774 defenderat.
651 2701 747 2773 uestras
763 2713 942 2781 trinacria-p
958 2729 1041 2773 cenea·

48 2781 131 2837 rienes
151 2777 289 2851 respublica
310 2778 475 2852 dijudicavit.
508 2774 674 2852 finiverat,
700 2775 770 2833 mibi
791 2797 850 2834 cum
871 2778 1052 2851 illsaiaaesalii.

49 2853 127 2915 nulla
141 2854 267 2910 contentia
276 2854 337 2928 jam
349 2869 474 2911 maneret.
513 2856 624 2928 Qum,
643 2855 769 2932 queniam
784 2853 829 2910 boc
845 2853 865 2909 b
878 2876 919 2912 me

49 2931 83 3009 bc
98 2931 185 3010 petis,
203 2945 252 2999 ut,
273 2940 363 3008 73qua
383 2945 432 2989 tua
450 2930 557 3007 petebas
579 2929 613 3004 est
623 2973 633 3002 ,
652 2951 682 2991 ra
697 2949 768 3006 neges
780 2946 805 2987 rr
820 2950 862 2989 me
875 2931 920 3018 iu-

326 3031 329 3038 ·
834 3046 838 3053 -
864 3022 922 3065 vito

78 3180 117 3220 π.
135 3163 369 3226 Nersffleeiamtnam.]
384 3165 481 3236 Propter
491 3174 591 3210 uxorem
612 3162 637 3211 δι
654 3159 807 3225 privignum,
823 3159 918 3226 epsups

49 3228 85 3279 rel
95 3240 191 3291 propter
201 3225 358 3289 disciplinam.
375 3225 462 3337 Philip}¹
473 3238 505 3274 11.
522 3227 547 3274 δι
556 3229 616 3275 Suet.
628 3224 658 3273 de
669 3225 732 3273 clar.
742 3223 814 3273 Rhec.
830 3226 921 3281 cirsai.

79 3305 118 3346 7³·
135 3293 189 3354 Qu
205 3290 338 3353 saepaseslas
353 3288 401 3349 all]
450 3288 571 3345 alluntut,
588 3302 636 3337 non
656 3300 708 3336 tam
729 3287 816 3348 iudicio
844 3286 920 3350 quim

49 3351 161 3415 striptutae
172 3352 238 3408 labe,
255 3354 298 3415 qui
308 3365 392 3415 putant
402 3351 441 3402 hic
452 3354 500 3413 ejus
510 3352 602 3416 generis
612 3347 825 3416 effepatenthefin,
841 3353 921 3410 cujus·

49 3413 116 3465 modi
128 3416 189 3477 apud
198 3415 346 3480 leunc'ipsum
359 3415 399 3465 lib.
407 3430 455 3466 vu.
473 3417 516 3463 illa
525 3412 577 3464 est:
596 3418 675 3479 ,Atqui
690 3427 743 3462 certe
757 3415 796 3461 ille
812 3415 922 3479 agere-de-

49 3482 114 3550 linit-¹
131 3479 190 3540 &fi
204 3481 251 3544 tfftt
262 3478 369 3543 fadum,
386 3480 443 3546 (qna
453 3480 634 3599 tudlptpireedetpiter
643 3477 683 3544 apl)
698 3476 841 3545 adfiripfiffet,
864 3476 921 3546 '¹¹³9

49 3577 52 3587 .
458 3550 482 3594 D
599 3558 610 3600 3
694 3597 697 3600 ἢ
785 3550 796 3565 ‘
885 3551 924 3589 nl*
949 3556 953 3560 ·
