2296 3900
201 105 282 186 17-18
324 101 516 169 Linou
554 88 1047 205 Duonuermus'

198 209 275 283 piam
290 206 390 265 videris
401 200 557 273 dubitare,
586 203 685 265 scribes
703 207 739 267 ad
761 225 826 280 me,
847 208 912 271 cium
926 209 1022 278 scies,
1043 209 1093 272 sed

199 283 427 421 guampnmium
450 284 497 353 δε,
517 299 587 368 num
613 283 739 372 Ciodit‚
764 274 803 342 D.
825 287 912 350 Bruto
933 273 1092 356 consulariss

223 362 262 420 ho
284 361 358 430 suo,
387 371 529 429 mortuo,
558 372 666 436 uixerit.
708 361 738 418 1d
758 358 833 419 ²8de
855 361 1022 433 Marcello,
1043 362 1091 422 aui

207 436 282 497 certi
297 436 333 495 de
355 437 495 497 Postumia
515 435 575 495 sciri
600 435 713 510 potest;
741 435 808 496 illud
831 450 927 497 autem
949 448 980 494 ³9
988 438 1027 498 de
1049 440 1092 498 Μ’.

56 546 67 615 p
84 533 147 592 seito
210 517 314 583 Cotta,
335 527 383 573 aut
397 514 431 573 de
447 515 552 594 tSyro,
573 522 621 570 aut
634 510 670 569 de
687 511 794 601 Satyro.
822 506 870 581 De
884 514 972 574 hortis
1001 517 1090 576 etiam

57 603 108 648 aui.
207 593 407 670 atquevetiam
421 604 450 650 te
463 609 543 667 rogo.
570 588 701 649 omnibus
726 608 795 661 mers
821 609 998 669 eorumque,
1019 610 1094 669 quos

57 658 173 738 iffa&
206 670 262 729 scio
278 669 347 727 mihi
361 688 421 727 non
435 669 596 735 defuturos,
617 666 806 736 facultatibus,
826 667 875 741 sed
888 682 990 743 potero
1000 672 1089 739 meis,

49 729 183 797 menam
206 745 370 804 enitendum
384 746 453 804 mihi
468 745 515 803 est.
552 742 614 801 sunt
635 745 720 802 ctiam
737 787 745 813 ,
765 762 830 820 quae
861 743 1090 806 vendere‘facili

61 803 130 852 1⁰8⁰·
208 824 318 902 possim.
359 822 465 889 30sed,
486 833 517 879 ut
538 838 598 878 non
617 821 737 901 vendam
756 864 764 890 ,
785 822 867 898 eique
888 821 1000 880 usuram
1025 841 1094 899 pen-

209 901 292 985 dam?
312 899 400 981 iquo
416 916 531 982 ςῐῐιεῐο,ἱ
553 909 649 964 ³¹‚non
663 898 722 979 pius=
737 916 843 979 annum
860 941 869 986 t
889 896 1004 979 possum
1026 897 1092 959 asse·

1026 978 1091 1063 ‘init

243 1195 282 1233 27·
299 1179 366 1244 Qid
376 1180 426 1226 veri
432 1179 483 1238 fin]
496 1183 535 1226 De
545 1189 590 1233 eo,
605 1174 671 1240 quod
682 1175 724 1224 illa
736 1174 820 1239 dieitur
829 1175 955 1241 cogitaret
973 1191 1006 1227 an
1025 1175 1092 1241 cogi·

212 1254 248 1295 tet
263 1244 347 1290 iterum
359 1241 457 1300 nubere,
474 1242 526 1298 vel,
543 1241 597 1304 quid
607 1243 664 1288 veri.
681 1241 737 1302 quia
748 1244 816 1301 squig
832 1253 858 1288 ut
870 1255 907 1304 ep.
917 1256 938 1290 1.
962 1236 1005 1291 lib.
1018 1254 1049 1288 rr.
1066 1251 1091 1288 ut

213 1303 257 1360 sir,
273 1319 299 1353 tu
309 1321 369 1352 unus
379 1319 447 1368 potes
460 1304 599 1368 perspicere,
616 1304 682 1367 quod
692 1300 721 1350 sit
732 1304 838 1352 officium
848 1319 885 1367 ep.
899 1318 935 1363 14.
953 1300 979 1353 h.
991 1304 1009 1354 l.
1024 1306 1049 1352 δι
1065 1316 1092 1352 tu

212 1383 286 1424 unus,
302 1382 328 1415 ut
339 1367 444 1416 conscius
455 1366 512 1416 ibid.
533 1367 619 1416 corraei.
652 1370 689 1415 Fr.
701 1365 756 1429 Jun.
768 1369 795 1415 in
813 1366 920 1433 editione
936 1365 977 1416 sua
991 1367 1039 1416 iraec
1048 1365 1093 1414 ut:
1136 1356 1138 1379 ¹

214 1433 282 1493 jecit:
300 1437 360 1478 Potes
371 1446 441 1477 autem
451 1433 506 1495 quid
515 1433 565 1477 veri
576 1431 606 1487 fit
618 1430 740 1492 perspicere.
773 1434 819 1477 Hoc
831 1443 868 1492 pro
882 1432 971 1492 summa
987 1438 1027 1479 eu
1038 1443 1093 1494 pru·

213 1497 288 1542 dentia
309 1498 334 1545 dy
347 1494 435 1554 summa
455 1500 480 1542 in
498 1510 535 1541 nos
549 1495 694 1540 benevolentia
706 1493 795 1550 faties:
817 1496 843 1544 ip
859 1495 962 1550 valebis,
992 1507 1019 1542 tu
1029 1510 1090 1544 uus.

133 1608 136 1614 ,
212 1563 278 1610 Tota
289 1556 336 1613 hoc
348 1556 455 1619 periodus
466 1573 495 1605 ex
506 1556 608 1605 duorum
620 1552 687 1604 MSS.
699 1555 748 1604 side
758 1556 850 1618 adiesitt
860 1554 911 1614 est,
927 1556 1017 1622 inquit.
1048 1555 1091 1607 Sed

212 1636 265 1669 non
276 1620 386 1668 videntur
398 1619 466 1668 fuisse
477 1621 513 1669 iili
525 1624 591 1670 MSS.
602 1617 670 1666 bonae
681 1618 744 1669 fidei.
778 1623 852 1674 Grau.
1086 1622 1090 1629 '

242 1693 280 1733 28.
298 1691 332 1730 De
344 1686 466 1740 Marcelle]
482 1689 525 1748 Ep.
536 1699 571 1737 1³·
589 1681 630 1730 lib.
639 1697 663 1731 x.
687 1685 752 1742 cujus
769 1697 846 1732 mater
862 1680 955 1731 videtur
972 1679 1041 1734 fuisse
1051 1683 1093 1749 Ju-

211 1748 271 1804 nia,
287 1745 317 1794 de
328 1760 376 1812 qun
387 1744 442 1794 scire
452 1745 500 1809 ipse
511 1747 594 1810 potuit.
610 1760 647 1808 ep.
656 1755 676 1796 8.
685 1748 738 1800 ἃς.
755 1745 797 1796 lib.
806 1761 846 1796 xv.
862 1749 930 1796 Fam.
947 1749 1036 1798 come

246 1827 283 1871 29.
302 1817 338 1856 De
348 1811 383 1858 Μ.
396 1817 476 1868 curu]
488 1815 521 1858 Ut
534 1813 564 1860 C.
577 1812 671 1866 Cottae,
689 1812 754 1868 cujus
767 1808 899 1858 materfuit
911 1810 1021 1866 Rutilia,
1038 1824 1095 1873 pto·

212 1874 320 1946 pinquo,
339 1875 364 1922 δι
377 1871 475 1922 fortasse
487 1873 570 1922 harum
582 1887 658 1920 rerum
673 1871 777 1922 studioso
790 1907 797 1929 ,
814 1887 851 1936 ep.
864 1888 903 1931 42.
921 1871 963 1922 lib.
976 1887 1039 1921 xrrr.
1056 1886 1097 1922 at·

216 1952 264 1998 que
275 1939 294 1984 is
307 1935 361 2003 est„
372 1935 413 1983 nis
426 1935 500 1984 fallor
511 1971 518 1993 ,
534 1937 576 1999 qui
587 1935 644 1984 belii
654 1937 728 1984 civilis
746 1938 816 1995 initio
839 1932 971 1984 Sardiniam
981 1921 1097 1986 obtinuit.

217 1998 277 2110 cdaes
290 1999 331 2049 sib.
345 2015 363 2049 r.
380 2000 430 2059 Bes.
442 2001 497 2056 cit.
514 1998 546 2054 stc
562 1998 618 2048 scire
633 1996 664 2047 de
681 2004 757 2050 cotta
777 2001 850 2054 etiam
865 2013 903 2063 ep.
915 2015 954 2060 42.
976 1995 1017 2049 lib.
1028 2013 1097 2050 xrrr.

217 2070 232 2112 1
247 2082 286 2112 em.
999 2095 1002 2099 ·

253 2145 290 2183 30.
308 2128 351 2175 Sed
368 2140 448 2174 utnon
463 2129 576 2184 vendam]
600 2126 628 2176 1d
645 2126 701 2181 est,
723 2123 822 2174 Etiamfi
840 2126 934 2174 nullum
955 2127 1098 2190 praediomm

219 2206 330 2241 meorum
342 2190 484 2254 proscribam
495 2191 597 2255 pecuniae
613 2189 722 2260 pacandae
738 2187 824 2243 causa,
840 2187 957 2238 sufficiunt
973 2191 1024 2239 mei
1038 2189 1098 2240 redt-

220 2261 277 2308 tus‚
294 2255 327 2300 ita
342 2267 367 2300 ut
381 2268 461 2301 emam
472 2255 596 2317 praesiituta
611 2253 734 2303 solutionis
753 2251 791 2300 die
802 2267 895 2310 annua,
912 2265 985 2316 atque
998 2255 1098 2303 interim

221 2313 341 2362 venditori
353 2315 417 2371 cuius
428 2315 523 2364 summe
535 2315 610 2367 usuras
621 2317 724 2380 pendam
737 2315 880 2373 menstruas,
896 2315 945 2364 five
955 2331 1017 2380 quot
1029 2312 1099 2365 men-⁴

223 2376 299 2435 sibus,
315 2374 364 2424 five
382 2391 495 2440 perpetuo
509 2378 605 2428 soenore
625 2378 694 2428 simul
711 2394 766 2427 curn
782 2379 858 2435 sorte,
874 2378 923 2426 sine
939 2382 1019 2429 anni:
1037 2378 1099 2437 &id

222 2442 304 2497 rnaio,
320 2438 445 2504 presertim
457 2440 474 2488 si
484 2454 512 2489 tu
526 2457 623 2506 operam
632 2443 700 2492 dabis
715 2455 741 2490 ur
757 2440 884 2507 diligenter
898 2443 1029 2507 exigantur
1044 2444 1100 2494 reti·

224 2519 273 2570 qua
283 2503 313 2552 de
324 2504 383 2553 meis
393 2503 544 2555 debitoribus.
578 2507 602 2564 J.
610 2511 634 2556 f.
643 2510 742 2558 Gronov.

230 2572 233 2577 '
259 2585 297 2624 31.
314 2574 361 2619 Non
370 2569 419 2630 plus
428 2574 530 2627 annum]
542 2568 637 2619 Balliol.
653 2589 693 2618 non
707 2573 757 2633 psus
766 2587 869 2629 annuum.
901 2573 984 2636 Leges
999 2589 1043 2618 mn
1051 2573 1102 2636 plut

225 2648 312 2688 annua,
334 2631 421 2693 scilicet
433 2631 479 2681 die.
496 2646 521 2680 ut
533 2631 573 2681 lib.
581 2639 629 2684 v1'1.
647 2633 678 2682 ad
688 2638 755 2682 Fam.
768 2650 805 2697 ep.
818 2651 856 2690 23.
879 2636 975 2691 Neminie
984 2634 1011 2695 se
1022 2635 1098 2694 fatisia

223 2713 290 2752 rum,
305 2712 349 2756 qua
358 2710 392 2756 ego
402 2699 481 2743 veliem
490 2697 534 2746 die.
567 2701 624 2752 Fac,
639 2700 704 2762 quaeso
715 2702 754 2762 qui
763 2714 797 2760 ego
807 2700 871 2756 sum,
885 2700 923 2759 effe
937 2711 959 2744 te
969 2715 979 2744 .·
995 2699 1052 2761 estne
1063 2713 1103 2763 ang

224 2763 261 2805 tui
269 2760 356 2820 pudoris
366 2771 404 2805 aut
414 2758 481 2819 nostri
487 2792 494 2814 ,
503 2762 601 2822 primum
611 2776 681 2822 rogare
691 2763 716 2807 de
727 2764 763 2809 die
774 2795 781 2818 ‚
797 2762 846 2807 dein
854 2765 904 2823 pius
917 2778 991 2809 annua
1004 2762 1103 2824 postula·

223 2830 264 2869 re?
282 2827 361 2871 senec.
375 2826 450 2870 Dicito
462 2824 528 2870 illum
536 2825 579 2870 tibi
588 2839 672 2881 annua,
687 2827 764 2880 bima,
780 2827 848 2870 trima
858 2827 894 2873 die
903 2825 982 2876 debere.
1017 2826 1103 2892 Ulpia·

225 2900 270 2934 nus
281 2887 307 2935 in
320 2884 428 2935 Pande&
444 2901 530 2936 xxxvt.
558 2892 588 2934 Et
602 2904 678 2935 verum
692 2889 738 2946 est,
754 2889 887 2936 commodum
902 2891 926 2935 in
946 2890 995 2936 dote
1009 2893 1104 2954 relegata
1136 2922 1138 2933 ι

224 2952 264 3011 effe
278 2951 482 3012 repraesaentationis',
502 2952 606 3014 quamvis
623 2968 693 2998 annua
707 2954 742 2998 die
758 2953 795 2997 dos
808 2952 950 3012 prostraretur.
984 2951 1103 3005 solebant

227 3014 293 3078 enim
303 3026 393 3062 veteres
403 3014 526 3076 pecuniam
538 3013 577 3064 sub
589 3012 661 3063 usuris
672 3029 779 3063 mutuam
796 3026 903 3078 petentes
918 3014 984 3063 diem
1001 3012 1104 3066 solutioss

227 3078 266 3124 nis
278 3077 418 3126 constituere
430 3079 455 3126 &
468 3076 569 3140 pacisci,
590 3091 615 3125 ut
637 3076 735 3142 superius
751 3091 871 3128 notatum.
905 3083 974 3127 Hanc
997 3079 1105 3141 locutio,-

227 3154 285 3201 nem
294 3143 341 3201 plus
352 3156 439 3195 annua,
450 3153 506 3188 cum
517 3156 567 3188 non
582 3155 692 3203 caperent
708 3142 810 3197 librarii,
827 3142 895 3190 illam
906 3144 1105 3195 immutaverunt.

226 3201 301 3249 Possis
313 3205 386 3252 etiam
396 3205 455 3252 tueri
465 3202 540 3267 ipsam
550 3206 635 3252 veteris
647 3206 734 3255 codicis
744 3203 880 3268 scripturam
888 3209 937 3268 plut
951 3222 1051 3253 annuum
1063 3204 1105 3256 sci·

226 3263 282 3331 licet
293 3263 367 3314 diem.
401 3271 496 3315 sueton.
514 3274 576 3332 Aug.
593 3271 690 3330 ‘Reliqua
705 3269 774 3330 legata
786 3273 850 3315 varie
864 3271 944 3317 dedit:
956 3273 1105 3334 produxitque

225 3328 322 3389 quadam
333 3332 362 3374 ad
373 3331 449 3375 vicena
455 3331 566 3390 sestertia,
582 3331 659 3390 quibus
665 3333 774 3390 solvendis
783 3346 878 3378 annuum
888 3336 946 3380 diem
954 3332 1028 3393 finiit.
1045 3338 1105 3382 Pen-

228 3387 284 3459 pere
299 3389 376 3439 usuras
389 3407 440 3440 non
457 3395 509 3454 psus
528 3407 633 3441 annuum
651 3393 684 3440 est
701 3393 769 3442 finire
783 3408 877 3457 tempus
893 3392 1019 3446 solutionis
1036 3396 1106 3453 sortis,

226 3466 334 3533 §nutum
344 3454 422 3513 diem:
439 3455 491 3521 post
502 3455 608 3524 elapsum
619 3469 710 3507 annum
723 3457 785 3531 uelle
794 3456 892 3516 reddere
906 3459 1014 3520 sortem,
1031 3463 1058 3509 &
1070 3456 1107 3509 inss

447 3546 449 3551 ·
549 3536 554 3553 ι
1041 3536 1108 3581 terea
