2296 3900
136 153 165 219 Ε
188 150 279 249 mse
301 148 336 249 e:
358 148 449 214 'in
492 138 614 239 aiut
635 134 736 219 reb
755 171 793 218 n.
833 138 1014 270 ³9⁸⁷fne„

28 264 147 331 ionem,
164 254 457 339 Pompejilibeitnm',
476 260 507 319 δι
520 255 675 331 illarum,
702 260 781 321 suum
809 260 941 341 fiber-n
952 253 1023 332 attts‘

24 350 89 397 tum
104 380 114 409 ,
132 334 235 399 venisse
251 337 267 396 d
282 336 368 395 Sexto
383 336 451 397 cum
464 335 559 395 litteris
573 335 609 415 ad
621 334 772 408 consules,
782 336 838 397 sive
867 344 980 418 codes&
1055 348 1061 363 '

24 415 81 481 alio
95 417 212 475 nomine
226 414 297 474 sunt.
335 431 432 472 earnm
446 412 609 490 exemplum
624 414 704 473 nobis
717 414 792 490 legit.
825 358 930 477 adimi
943 411 1056 484 stim·

25 487 95 569 q'uid
108 492 269 553 videretur:
296 506 386 566 pauca
405 494 481 559 παρὰ
503 488 590 563 λέξιν·
604 491 772 567 hceteroqui
792 492 823 551 &
844 474 931 581 satiei}
945 473 1035 583 ’ἔξω

27 568 144 643 graviter
171 572 202 628 δι
226 586 287 626 non
311 567 524 627 contumaciter.
561 579 672 627 tantum
700 568 764 626 addi
785 567 1023 658 placuit,qu,„,·‚·‚

24 646 206 721 quoderat,
232 662 301 707 coss·
338 642 455 712 solum„
481 656 514 703 ut
534 638 625 712 esset,
652 645 778 703 Pam.
801 665 902 707 tuton.
944 662 968 708 Ρ.
986 666 1015 711 u.

26 734 109 782 acra.
138 738 295 789 sonarum
322 738 359 779 ne
379 720 417 780 illi
437 738 498 781 non
521 721 676 797 proferrent
698 740 760 789 eas,
780 739 844 797 quae
866 724 901 784 ad

23 793 111 875 itpsos
125 796 213 859 missae
228 792 321 863 essent.
360 796 476 857 Sextum
488 810 584 857 autem
598 798 746 857 ¹‘nuntiant
760 817 827 857 cum
846 800 919 859 unai
936 800 1031 879 seipsos

22 872 111 934 solum
125 876 238 950 legione
251 871 329 933 suiffe
342 872 525 949 Karthagine:
546 874 752 951 eiqueeoipso
767 875 813 936 die
822 918 831 946 ,
840 894 899 951 quo
910 867 969 915 ⁴‘“·'

26 960 54 1004 ³⁹
62 951 202 1027 oppidum
217 950 335 1019 boream
357 948 468 1028 cepillet
484 990 495 1021 ,
513 952 672 1011 nuntiatum
687 947 755 1011 ¹etse
775 952 811 1012 de
832 926 1037 1039 Cae-effi&

23 1026 99 1086 sare:
121 1040 203 1103 capto
224 1028 346 1103 oppido,
367 1028 467 1087 miram
485 1028 612 1088 laetitiam
630 1029 917 1103 commutationem-1
930 1030 1023 1107 mi„

23 1122 83 1180 que
105 1106 263 1164 animorum
284 1104 506 1182 concursumque
528 1104 675 1180 undique:
697 1105 742 1163 sed
763 1104 841 1165 illum
862 1106 897 1166 ad

22 1181 73 1240 sex
87 1181 226 1257 legiones,
245 1198 312 1259 quas
324 1182 354 1241 in
368 1181 498 1241 ulteriore
514 1177 685 1257 reliquisset,
696 1180 844 1241 revertisse.
862 1184 899 1245 ad

18 1258 115 1334 ipsum
129 1270 222 1318 autem
237 1259 380 1317 Libonem
393 1256 510 1332 scripsit,
530 1257 598 1315 nibil
611 1252 683 1325 elle,
698 1258 749 1316 nist
763 1258 799 1318 ad
810 1258 898 1319 larem

17 1335 105 1405 suum
120 1334 222 1394 liceret.
261 1334 369 1393 summa
383 1334 599 1410 postulatorum,
620 1346 652 1393 ut
672 1351 772 1392 omnes
793 1340 900 1397 exerci-

13 1420 65 1471 tus
81 1411 278 1481 dimittantur,
298 1412 347 1499 qni
361 1412 463 1489 ubique
484 1408 546 1470 sint.
583 1409 661 1470 Haec
680 1411 740 1470 sere
754 1411 789 1471 de
803 1412 900 1475 Sexto.

12 1482 69 1555 De
85 1488 234 1548 buthrotiis
248 1488 379 1566 undique·
392 1498 519 1565 quaerent
538 1486 607 1551 nihil
626 1480 808 1563 reperiebam.
838 1484 901 1561 alii,

12 1564 151 1625 concisos
165 1565 319 1640 agripetas:
340 1566 409 1633 alii,
436 1564 594 1634 Plancum,
613 1565 733 1639 acceptis
752 1566 901 1637 nummis,

10 1640 123 1701 'relictis
137 1640 204 1709 illis,
223 1638 365 1715 aufugisse.
403 1643 496 1717 itaque
518 1638 675 1700 non-video
688 1641 819 1701 sciturum
834 1662 900 1712 me,

22 1717 94 1775 'uid
117 1716 174 1792 ejus
197 1715 252 1786 fit,
278 1716 308 1775 ni
328 1716 417 1774 statim
437 1717 539 1791 aliquid
562 1716 723 1776 litteratum.
762 1717 817 1777 Iter
834 1719 901 1785 illud

43 1791 216 1861 rundifinm,
238 1793 348 1869 dequo
364 1790 537 1862 dubitabam,
556 1788 691 1861 sublatum
706 1792 819 1856 uidetur.
859 1796 901 1869 le?

38 1886 123 1930 lones
138 1870 216 1928 enim
229 1867 379 1929 adventare
393 1868 529 1929 dicuntur.
566 1868 629 1929 naec
644 1881 738 1927 autem
760 1872 900 1947 navigatio

10 1889 108 2006 {abet
120 1945 254 2023 quasdam
267 1944 432 2021 suspiciones
444 1944 567 2020 periculi.
594 1946 689 2021 itaque
701 1945 902 2006 constituebam

14 2024 66 2083 uti
89 2023 231 2096 ὁμοπλοῑᾳ.
262 2023 437 2159 garariotem
463 2012 570 2081 offendi
595 2020 711 2081 Brutum
744 2020 831 2099 quim
852 2040 902 2081 aua

12 2098 143 2161 diebam.
179 2117 247 2159 nam
307 2098 362 2175 ipse
375 2097 519 2159 Domitius
533 2099 607 2157 bona
620 2096 797 2173 plandhabet
811 2098 903 2159 dicro-
937 2134 942 2145 ·

10 2188 68 2237 tat
88 2174 204 2251 suntque
218 2176 328 2253 navigia
341 2188 475 2253 praeterea
488 2174 630 2235 luculenta
645 2170 738 2244 Sesiii,
758 2174 901 2247 ouciinn.

18 2263 194 2310 ceterorum.
231 2272 298 2313 nam
312 2251 394 2312 caffii
407 2248 542 2323 classem,
568 2268 634 2330 quae
656 2248 736 2328 plrnd
756 2252 825 2311 bella
845 2252 902 2326 esi,

18 2346 85 2388 non
101 2344 220 2387 numero
234 2330 303 2397 ultra
316 2330 428 2390 suetum.
466 2329 533 2390 illud
546 2329 584 2389 est
599 2328 668 2389 mihi
688 2328 900 2405 submolestum,

44 2402 105 2462 nbd
118 2420 215 2478 patum
231 2405 328 2464 Brutus
339 2423 486 2483 properare
503 2405 622 2477 videtur.
658 2406 780 2482 primum
802 2407 901 2466 confe-

19 2546 27 2559 ..
54 2497 138 2539 orum
152 2480 282 2541 ludorum
296 2482 407 2557 nuntios
428 2482 588 2559 exspeclat:
614 2480 741 2553 deinde,
760 2495 897 2559 quantum

20 2556 169 2632 intelligo,
193 2558 269 2617 tardi:
283 2554 321 2623 eli,
335 2559 525 2634 navigaturum
545 2557 693 2621 consistens
714 2560 744 2617 in
757 2558 827 2617 locis
835 2558 902 2635 plu.-

20 2634 121 2693 ribus:
142 2646 239 2693 tamen
257 2634 371 2693 arbitror
390 2628 445 2693 elie
465 2637 645 2717 commodius
665 2634 743 2695 tarde
757 2635 903 2725 navigate

183 2744 185 2751 =
814 2722 902 2787 quatit

57 2942 95 2983 3⁹·
113 2924 209 2989 opidum
220 2932 310 2975 floreum
320 2931 351 2986 a]
380 2927 455 2977 Situm
471 2924 501 2976 ad
516 2926 612 2977 borium
626 2926 833 2993 promontorium,
850 2936 901 2990 qno

21 2990 103 3049 maior
114 2990 186 3055 Syrtis
196 2988 330 3041 includitur.
364 2990 515 3049 l’tolemaeus,
531 2991 626 3042 l’iiniua.
657 2996 808 3056 Quapropter
821 2989 856 3038 ita
865 2989 902 3040 le·

71 3053 143 3111 dum,
160 3061 248 3102 floreum
265 3055 302 3103 vel
318 3057 412 3104 dimam.
435 3054 526 3119 Juniua.
560 3055 665 3117 Oppidum
683 3059 771 3101 lionam
792 3048 897 3115 cepr'ffeal

42 3130 125 3166 oream
136 3116 250 3182 oppidum
262 3116 435 3180 Africe,quod
445 3118 477 3166 ait
490 3121 542 3166 Sex.
550 3119 689 3181 Pompeium
700 3113 783 3179 cepisse
799 3129 829 3164 eo
845 3110 898 3188 ipso

24 3176 64 3226 die
74 3194 123 3243 quo
133 3180 165 3229 ibi
176 3183 312 3231 nuntiatum
321 3179 354 3231 est
365 3180 394 3229 de
406 3179 497 3229 Caesare
507 3179 601 3237 occiso,
615 3180 719 3229 collocat
730 3177 813 3228 Strabo
823 3178 848 3227 in
859 3193 898 3225 ru·

25 3242 89 3291 timo
100 3242 162 3291 finus
174 3243 288 3295 Adriatici
302 3243 396 3295 recessu.
418 3244 504 3293 Plinius
518 3241 559 3295 lib.
572 3259 595 3296 v.
614 3244 724 3292 nominat
739 3242 828 3291 borion
843 3254 901 3305 pro·

25 3306 175 3355 montorium
193 3307 296 3364 Asticae,
332 3318 363 3355 uo
381 3309 459 3365 maior
474 3308 546 3371 Syrtis
560 3306 695 3357 includitur.
713 3311 802 3369 Popma.
833 3308 899 3371 cunt

24 3367 108 3415 urbem
119 3367 144 3414 in
159 3370 271 3437 Hispania
281 3322 374 3419 nudam
383 3385 409 3421 re
450 3372 456 3383 '
514 3404 522 3428 ,
542 3371 640 3431 majesta
653 3369 745 3420 litetula
759 3370 853 3417 Moram
868 3367 901 3415 li·

23 3425 160 3479 bentislime
178 3428 296 3501 legerim,
315 3450 366 3499 quc
387 3384 498 3525 denda?
516 3432 648 3487 tumente.
673 3434 764 3486 Tomi.
796 3430 900 3501 Adverst

24 3503 109 3563 nitu,
119 3503 161 3567 30.

94 3562 111 3571 ““
440 3559 563 3611 bilisia
798 3564 838 3619 4⁶.
856 3550 903 3612 iri
