2296 3900
152 109 349 191 Biton.
388 132 463 184 nt>
503 102 819 186 Anticum
866 132 948 201 1745

68 226 232 314 praediolis,
271 247 317 289 uae
332 231 394 293 sunt
410 232 492 308 hujus
505 232 663 308 temporis:
683 233 749 308 quia
768 231 956 306 frequentiam

67 303 150 363 tilam
171 323 231 364 non
283 305 335 366 erle
365 309 477 367 ferrem.
514 310 552 367 ibi
575 309 635 367 sum
656 309 762 383 igitur,
782 308 828 365 ubi
849 308 887 375 is,
907 307 957 383 qui

69 381 194 455 optimas
208 381 285 459 Bajas
299 384 433 454 habebat,
452 386 599 461 quotannis
612 386 669 444 hoc
683 397 793 458 tempus
807 382 955 441 consume-

70 470 104 513 te
117 455 228 517 solebat.
268 459 333 518 edm
349 463 473 520 Romam
489 479 619 531 venero,
639 473 692 519 nec
707 461 803 530 vultu,
822 477 874 518 nec
891 477 953 518 ora·

71 531 153 591 tione
166 535 358 610 reprehendar.
401 539 599 597 ¹²hilaritatem
614 537 689 597 illam
706 580 715 606 ‚
735 533 789 612 qui
811 536 883 593 hanc
903 537 951 595 tri-

70 605 173 667 stitiam
194 623 357 687 temporum
372 614 592 673 ¹condiebamus
608 657 616 683 ,
636 615 665 673 in
687 628 852 690 perpetuum
867 609 951 672 amifi.
961 639 978 673 x
993 622 1093 687 condier]

71 685 225 746 constantia
253 690 283 746 δι
302 687 415 749 firmitas
441 708 494 748 nec
520 692 607 749 animi
632 708 686 749 nec
706 691 838 748 orationis
861 707 888 745 re
911 686 1018 747 ulbarn
1032 692 1090 747 MS.

73 773 156 821 retur.
194 763 242 823 De
263 767 349 825 hortis
370 767 527 842 Scapulanis
547 770 603 828 hoc
625 767 734 826 videtur
757 766 828 824 effici
849 706 949 839 pole,

73 838 147 897 aliud
161 837 208 898 tuti
220 839 306 917 gratis
322 885 331 911 ‚
351 843 424 902 aliud
438 841 546 913 nostri,
565 856 617 902 rut
629 844 753 919 praeconi
768 843 950 917 subjiciantur.
960 859 976 911 y
988 858 1103 914 carptae„

74 912 104 972 id
121 915 172 974 nisr
194 914 225 975 iit
250 919 439 979 excludemur.
477 920 517 978 fin
531 920 566 981 ad
580 921 701 978 tabulam
722 921 870 988 venimus,
890 911 1016 979 vin-⁸⁸·

74 1006 173 1050 cemus
198 994 338 1055 facultates
368 998 526 1056 oothonis
560 997 651 1057 nostra
678 996 835 1071 cupiditate.
875 997 958 1057 Nam.
1050 1070 1053 1075 Ι

74 1068 155 1141 quod
167 1068 202 1127 ad
216 1087 264 1128 me
277 1071 312 1130 de
328 1074 451 1132 Lentulo
472 1074 560 1132 scribis
581 1118 590 1145 ‚
610 1093 668 1132 non
685 1073 721 1131 est
735 1075 765 1131 in
779 1090 824 1131 eo.
866 1072 953 1133 Fabe-

75 1143 152 1202 riana
167 1146 309 1207 monotes
330 1162 404 1208 certa
424 1149 473 1219 srt,
493 1163 579 1226 tuque
602 1151 731 1218 enitare,
751 1149 828 1225 quod
858 1148 950 1220 sacis,

76 1220 156 1295 quod
169 1222 298 1283 volumus
313 1228 524 1302 consequemur.
562 1227 651 1302 Quod
665 1227 782 1303 qumis,
802 1223 887 1302 quim
902 1225 952 1286 diu

38 1337 42 1343 ·
74 1295 142 1364 hlc;
164 1316 266 1374 paucos
288 1302 354 1361 dies.
391 1304 436 1362 sed
458 1316 565 1362 certum
594 1322 653 1363 non
680 1303 779 1362 habeo.
817 1301 950 1360 simulac

75 1372 244 1435 constituero
271 1377 306 1437 ad
330 1379 502 1440 rescribam:
523 1384 599 1440 &tu
613 1380 648 1439 ad
663 1397 734 1449 me,
755 1378 841 1456 quim
858 1377 905 1435 diu
919 1378 948 1437 in

73 1446 228 1511 suburbano
243 1452 295 1511 ²s1s
310 1456 424 1516 futurus.
463 1476 520 1535 quo
542 1457 587 1517 die
608 1474 663 1532 ego
686 1456 721 1516 ad
744 1453 947 1525 temortatis,
994 1465 1019 1512 r.
1036 1466 1066 1515 ts

75 1523 112 1583 de
133 1527 200 1586 Pilia
220 1530 250 1586 δι
270 1531 362 1591 Attica
378 1535 447 1594 mihi
461 1552 576 1613 quoque
590 1533 707 1606 eadem,
727 1549 792 1612 quae
805 1530 973 1604 scribis,&z
987 1523 1016 1573 Ε*
1029 1525 1073 1602 ‘¹2'

72 1600 229 1664 scribuntur
248 1605 277 1664 &
290 1610 458 1671 nuntiantur.
958 1587 1009 1639 ¹⁸²¹
1019 1591 1074 1652 ‘ina

338 1782 599 1830 nrrsroun
632 1786 704 1833 nur.

290 1916 470 1980 CICERO
498 1920 693 1982 ATTICO
721 1919 749 1981 Sl

76 2067 227 2180 Nlrrrn
250 2085 324 2144 erat,
343 2074 422 2152 quod
435 2073 588 2135 scriberem.
614 2075 680 2134 scire
694 2085 790 2134 tamen
803 2071 952 2161 volebam}
968 2148 973 2155 .

155 2148 199 2205 ubr
215 2147 296 2217 essem
319 2150 338 2208 sr
352 2151 433 2221 abes,
450 2165 499 2211 aut
513 2153 653 2212 abluturus
676 2170 727 2222 es,
747 2150 860 2229 quando
880 2150 953 2210 redt-

76 2235 157 2284 turus
171 2221 245 2287 esses.
283 2229 387 2290 ⁸facies
399 2230 481 2307 igitur
495 2247 543 2290 me
566 2231 724 2292 certiorem.
765 2226 853 2300 ¹4Et,
873 2224 1067 2365 quizgjhlg‘ffl
1136 2306 1139 2316 ,

116 2469 154 2503 rt.
171 2458 331 2520 Hilarium]
346 2461 372 2511 ld
382 2460 415 2511 esi
425 2461 478 2511 illas
487 2458 614 2512 facetias&
624 2461 957 2523 urbanitatem‚quaeotnnet‚

78 2518 124 2582 qui
135 2532 229 2569 mecum
239 2519 325 2578 essent,
342 2527 456 2585 jucundos
467 2525 577 2574 reddebat
593 2530 619 2575 δι
636 2525 736 2591 cogebat
752 2520 858 2571 oblivisci
874 2521 956 2572 tnrba-

79 2596 135 2630 1um
162 2582 187 2630 in
207 2585 284 2647 repub.
307 2590 461 2651 graviumque
476 2602 506 2637 ex
525 2587 591 2636 bello
607 2591 671 2638 civili
687 2586 790 2636 casuum.
818 2587 902 2633 condire
920 2587 957 2636 im

80 2643 113 2694 de
125 2648 191 2695 Orat.
201 2662 238 2701 5³·
255 2650 280 2698 δι
291 2651 316 2698 in
327 2656 428 2700 Oratore
441 2667 477 2708 55.
511 2652 535 2710 J.
542 2657 569 2701 F.
576 2655 671 2703 Gronov.

117 2722 154 2762 ¹3·
171 2714 279 2769 Othonia]
293 2716 393 2776 Scapula:
404 2714 510 2770 heredis,
527 2716 567 2776 qui
580 2717 606 2764 δι
616 2715 663 2781 ipsc
674 2716 704 2764 ad
713 2715 838 2764 hortorum
849 2710 957 2775 emptio·

81 2784 140 2818 nem
153 2773 260 2820 animum
274 2774 395 2831 adiecerat.
428 2784 594 2839 Quamquam,
609 2781 700 2842 inquit,
716 2779 822 2840 locuples
832 2773 860 2827 fit
872 2775 956 2824 Otitoa

53 2866 63 2890 q
81 2845 167 2881 tamen
184 2849 238 2883 mea
253 2836 367 2899 cupiditas
383 2838 488 2897 efficiet,
507 2853 532 2888 ut
548 2855 602 2888 curn
612 2843 638 2889 in
649 2843 759 2890 auttione
773 2843 875 2889 vincam.
893 2836 956 2887 infra

74 2911 165 2960 εμπ.
198 2905 234 2945 De
253 2906 348 2958 ottone,
365 2904 458 2962 diffido,
476 2903 564 2964 fortaffe
577 2910 631 2968 qnia
645 2910 726 2968 cupio:
744 2904 784 2965 fed
800 2918 871 2949 tamen
885 2903 958 2959 'trajo'

80 2965 149 3007 etiam
164 2977 197 3007 ret
214 2961 242 3020 est
259 2963 327 3026 quim
340 2964 454 3023 facultates
472 2963 543 3014 nolin
559 2998 567 3022 ‚
586 2968 701 3028 prasertim
717 2966 842 3025 advtrfirrt'a
858 2965 885 3016 ὼ·
896 2963 958 3025 cupi·

79 3026 128 3080 dt,
144 3024 170 3076 dr
181 3027 301 3087 locuplm,
316 3029 342 3079 da*
355 3030 433 3076 herede.
451 3029 476 3077 dt
487 3043 522 3091 ep.
531 3036 569 3088 46.
587 3029 683 3090 Difficile
698 3043 801 3076 certamen
816 3043 864 3074 cum
874 3026 958 3087 cupido,

81 3105 132 3135 cum
149 3090 266 3151 locuplete,
282 3107 330 3137 cum
339 3093 419 3140 herede.
437 3093 462 3140 δι
472 3105 509 3153 ep.
522 3107 559 3145 29.
582 3094 725 3139 alteterius
740 3092 797 3137 nobit
810 3107 884 3136 nomm
899 3089 959 3141 illud

82 3152 190 3214 explicat:
206 3155 251 3199 noli
261 3169 370 3216 quarere,
386 3157 479 3215 quanti.-
496 3158 597 3200 ottonem
607 3157 751 3204 vincasvolo.
784 3157 808 3202 P.
820 3156 915 3205 Manut.
936 3176 946 3206 ,-

118 3230 154 3274 ¹4·
171 3219 216 3271 Et,
226 3218 283 3277 quod
296 3232 320 3264 tu
333 3219 388 3276 scire
397 3218 496 3272 volebas,
509 3217 551 3278 lega
565 3220 649 3281 quando
666 3232 691 3264 tx
706 3222 742 3264 hoc
758 3219 820 3272 loca]
837 3219 891 3265 Nos
900 3228 961 3265 con·

82 3277 173 3340 jelluri
187 3279 367 3329 emendavimus
382 3297 416 3344 ego
430 3281 533 3342 quanda,
554 3281 598 3332 (tc.
624 3279 783 3331 existimantes
802 3278 856 3328 huic
870 3290 962 3342 prono·

84 3341 146 3388 mini
162 3342 317 3393 incommode
334 3358 360 3393 r..
377 3346 482 3393 litteram
504 3343 650 3394 adcrevisse:
676 3359 733 3393 nam
749 3358 780 3394 ex
797 3342 839 3391 ilia
853 3341 960 3393 lenione

84 3403 235 3475 nullus‚·nifi
245 3408 338 3473 ineptus
349 3405 440 3464 sensus,
455 3407 561 3464 elicitur,
574 3423 604 3457 ex
616 3406 694 3457 nostra
715 3405 772 3457 verb
791 3404 917 3471 egregius,
932 3415 960 3453 ut

83 3478 132 3522 noa
143 3464 288 3525 arbitramur.
320 3475 387 3525 cum
402 3486 459 3528 cum
473 3471 557 3587 litaretis
572 3466 735 3539 interrogasset
751 3470 844 3526 nminat
859 3464 965 3583 quud:

531 3546 584 3589 tm
1070 3558 1094 3669 Ι
