2296 3900
45 134 53 147 ·
147 126 349 193 Enisa.
390 134 462 185 nn
505 110 802 183 Atrretr'ra.
838 116 925 200 ¹967

45 237 103 309 Sata
119 274 131 304 .
147 231 225 313 qdod
237 230 320 292 lateat
340 231 370 288 in
380 228 514 303 thesautie
533 229 597 287 tuit.
634 233 664 281 ⁷0
671 226 717 285 De
739 224 842 287 Planco
859 243 925 307 me·

48 311 131 373 mini.
162 310 263 371 attica
276 309 373 384 7¹jure
387 308 519 385 queritur.
560 302 688 380 erucd
701 320 749 361 me
763 301 798 363 de
812 304 925 378 Bacchi,

48 388 88 451 de
99 388 248 451 mnarum
262 385 374 445 coronis
392 385 545 466 'certiorem
567 380 677 451 fecisti,
696 379 777 441 valde
797 393 924 458 gratum-a

406 510 409 515 -
833 474 837 483 ·
871 474 929 521 nec

50 646 130 686 tatum
139 632 187 685 eise
198 631 286 692 conjici
296 628 367 696 possit
380 645 388 678 a
403 641 429 679 ut
440 643 491 679 non
502 627 553 680 line
570 626 637 678 causa
653 629 726 678 etiam
740 630 827 679 Cicero
843 628 930 682 libntm

50 699 180 754 Varronis,
196 711 269 760 quem
280 692 441 758 exspectabat,
458 693 605 757 H‘paenctleav
616 692 795 757 appellet,cum
804 692 930 752 narrat,se

51 762 125 812 illum
136 759 166 809 ab
177 775 208 808 eo
218 757 327 807 nondum
338 754 427 805 auferre
437 753 545 822 potuisse.
580 758 658 806 Vilior.

87 841 126 882 70.
144 829 180 868 De
190 822 267 870 Planco
281 824 361 867 Memie
372 823 456 868 dacica
463 824 513 878 iare
522 822 646 883 quamtum]
660 822 696 866 Ex
708 816 823 867 veteribus
839 816 929 869 codici-

54 886 100 936 bus
112 886 226 948 legimur,
242 882 277 931 ω’
289 882 366 931 Planci
375 886 472 933 memini.
488 883 601 946 intelligit
615 915 623 940 ,
639 881 665 929 ni
674 882 767 938 fallor,
782 880 813 930 de
827 883 929 946 negotio

56 950 185 1000 Buthrotio
196 982 203 1005 ,
220 947 285 1010 quod
295 945 473 995 commendavit
483 959 524 1010 per
534 946 625 993 litteras
634 949 662 995 1..
669 945 771 1001 Planco,
785 959 836 1009 qua
848 945 929 995 inlitae

57 1028 112 1062 xvr.
130 1012 257 1061 voluminis
267 1007 347 1073 polita
359 1010 424 1059 sunt:
440 1009 477 1059 illi
484 1009 551 1058 enim
562 1023 593 1057 ne
610 1009 661 1056 otio
672 1008 691 1056 is
706 1006 854 1071 praesediuaa
869 1012 930 1057 Cn-

57 1075 109 1124 sare
119 1073 234 1123 dictatore
243 1085 308 1129 erat,
323 1084 349 1121 ut
361 1074 451 1121 Atticus
462 1068 558 1120 forcalle
569 1086 582 1118 a
600 1072 717 1119 monuerit
728 1070 886 1127 Ciceronem,
902 1084 930 1121 at

60 1137 93 1187 ad
104 1151 158 1186 eum
168 1135 285 1186 scriberet:
301 1133 371 1184 valde
380 1135 446 1184 enim
461 1148 489 1182 ea
506 1133 572 1182 causa
588 1134 670 1183 Attico
684 1132 751 1181 cordi
766 1146 823 1183 erat.
857 1149 931 1198 quare

59 1200 168 1266 plurimis
184 1200 242 1248 locia
253 1197 283 1248 de
293 1199 370 1264 eaagi
384 1196 485 1247 minime
500 1199 587 1246 mirum
605 1195 678 1245 videri
694 1195 772 1246 debet.
806 1196 934 1247 laboravit

62 1276 144 1312 autem
158 1262 308 1313 veliementer
320 1263 405 1311 cicero
416 1275 460 1334 pro
470 1261 617 1315 Buthrotiis,
632 1274 658 1307 nt
675 1260 758 1307 artico
775 1272 826 1311 rem
840 1274 934 1323 gratam

62 1324 165 1382 faceret,
179 1340 252 1390 quem
264 1321 347 1373 sciebat
362 1323 442 1373 salutis
458 1337 541 1372 eorum
557 1319 746 1371 studiolillimum
763 1321 817 1373 elie.
849 1329 934 1374 Praeter

61 1388 213 1452 antiquorum
224 1387 334 1436 codicum
348 1387 500 1436 autoritatem
511 1400 561 1434 non
571 1400 653 1449 parum
663 1385 725 1434 hanc
735 1382 864 1434 lectionem
873 1401 934 1435 con-

60 1451 160 1508 firmat,
182 1450 248 1515 quod
264 1464 315 1497 non
330 1448 408 1498 multi>
422 1447 475 1513 pbst
491 1450 586 1512 inquit:
613 1454 643 1496 Et
664 1451 690 1495 de
704 1450 786 1496 Herode
816 1451 843 1501 aa
860 1452 931 1497 mro

60 1531 194 1571 meanincco,
211 1516 237 1566 dy
251 1513 277 1559 dc
291 1515 386 1561 omnibus
402 1528 448 1577 qtae
462 1515 553 1560 cavelle
563 1511 664 1574 [κίμων.
698 1504 808 1560 Declatat
824 1512 889 1561 enim
905 1511 931 1561 se

60 1579 119 1626 ant‘e
131 1577 266 1640 pollicitum
274 1571 332 1631 esse,
347 1574 400 1625 sore
411 1588 436 1624 ut
448 1575 480 1624 de
488 1576 570 1639 aliquo
580 1576 679 1640 negotio
695 1575 837 1624 meminerit.
855 1579 930 1624 Erant

61 1654 143 1689 autem
156 1655 206 1688 non
217 1652 299 1701 parurn
310 1638 370 1694 haec,
387 1651 439 1699 que
448 1639 590 1696 citavimus,
606 1637 675 1687 verba
686 1637 791 1702 perversa
805 1639 831 1685 in
846 1638 884 1684 vul
904 1654 930 1686 a-

63 1707 96 1751 tis
108 1701 172 1750 libris
185 1718 192 1749 a
208 1707 243 1747 De
253 1705 316 1747 Erote
325 1701 392 1748 enim
401 1702 426 1749 in
438 1701 485 1749 illis
497 1715 546 1751 erat
559 1717 567 1749 t
582 1715 627 1749 troc
643 1713 723 1750 autem
736 1703 763 1749 de
778 1703 860 1747 Herode
884 1703 930 1750 cri-

63 1763 168 1830 psrmus,
184 1765 247 1824 cujus
257 1763 315 1826 sape
329 1763 478 1812 mentionem
494 1763 571 1820 lacit,
591 1775 616 1810 ut
632 1762 672 1812 lib.
685 1778 740 1815 xrv.
767 1766 848 1810 Herodi
858 1776 930 1810 auten

10 1819 16 1853 ³·
64 1829 211 1882 mandaram,
223 1839 248 1874 ut
258 1829 313 1872 mili
325 1829 389 1872 catal
401 1829 470 1883 palent
479 1826 586 1884 scriberet.
603 1824 737 1874 Plutarchus
751 1825 809 1874 it'em
825 1828 850 1874 in
861 1827 932 1874 Cice·

63 1905 126 1940 rone
137 1901 214 1937 narrat
226 1887 329 1937 adhunc
342 1891 435 1936 Graecac
445 1885 492 1936 elie
501 1886 617 1952 Epistulas
628 1889 760 1938 ciceronis.
782 1887 852 1937 verba
863 1886 933 1950 ipsius

63 1950 245 2016 adscripfimuS,
268 1950 386 2000 li'arrconal
401 1953 426 1999 dl
442 1949 505 2013 trapa*
521 1956 548 2000 tro*
571 1952 681 2008 landon
705 1952 751 1998 'caat
770 1951 819 2005 nait
832 1952 936 2008 ll‘paldnv.

16 2046 20 2055 ·
63 2016 180 2083 sequenti
190 2015 249 2065 item
259 2013 319 2063 libro
330 2012 416 2062 iterum
426 2027 483 2077 pro,
498 2014 580 2061 Herode
594 2045 601 2069 ,
616 2017 681 2062 Erote
696 2011 809 2063 mendose
825 2009 936 2076 scriptum

62 2093 137 2190 egat,
158 2076 223 2143 quod
248 2092 294 2128 nos
319 2077 487 2133 correximus,
512 2082 548 2124 De
570 2077 651 2125 Herode
666 2075 772 2143 sm.
793 2078 935 2126 nemmem.

65 2148 78 2194 l
99 2157 147 2191 em.
669 2158 671 2165 ⁸

99 2220 137 2261 71.
154 2206 209 2263 Jure
217 2206 333 2268 pacciana]
348 2202 420 2265 Quod
428 2201 470 2250 tibi
481 2217 495 2250 a
505 2217 544 2250 me
555 2200 681 2252 discedenti
692 2216 742 2250 nort
753 2200 932 2258 mandaverim,

63 2280 94 2316 ut
104 2281 157 2314 eam
168 2269 226 2315 meis
237 2266 311 2315 verbis
322 2265 439 2315 salutares.
456 2265 503 2314 lroe
513 2268 538 2314 δι
548 2267 574 2314 in
583 2264 695 2331 epistola,
710 2279 761 2331 quae
771 2265 884 2329 proximo
894 2264 933 2313 lo·

66 2345 101 2381 co
112 2327 219 2392 sequitur.
253 2335 277 2377 Ρ.
286 2333 372 2379 asanaa.
626 2354 632 2365 ·

101 2406 140 2447 72.
156 2394 221 2454 Qad
231 2410 262 2438 mc
272 2394 297 2438 dc
308 2395 382 2438 aeetae·
388 2425 396 2447 ,
412 2392 438 2438 de
443 2390 565 2450 statuarum
576 2393 680 2448 corenla]
695 2394 733 2437 De
742 2389 827 2438 Bacchi
838 2389 934 2438 colonia

66 2452 523 2519 AntoniusThylefius,praeceptotolim
529 2450 873 2507 meua,inlibellodecotonia
881 2453 935 2516 plu·

66 2532 103 2568 aa.
123 2516 177 2565 vide
191 2524 290 2572 tamen,
311 2531 343 2565 an
359 2517 449 2580 placeat
465 2519 561 2580 legere:
583 2519 687 2570 Bacchis,
710 2516 751 2578 qui
764 2515 882 2580 gladiator
900 2513 935 2562 est

66 2580 133 2644 apud
144 2586 227 2630 Horat.
239 2584 311 2642 satyr.
321 2596 342 2629 τ.
359 2578 398 2629 lib.
407 2595 425 2630 r.
441 2593 467 2627 ut
478 2595 518 2643 per
529 2591 614 2626 notam
623 2576 737 2641 significet
748 2582 777 2627 1..
789 2579 939 2634 Antonium,

65 2659 143 2706 quern
155 2641 311 2707 gladiatorem
322 2639 378 2704 sape
388 2654 457 2690 votat
469 2644 493 2690 in
505 2642 587 2705 Philip.
606 2642 690 2688 Corrad.
707 2642 943 2703 Qodmedelia‘ecbi.]

69 2712 145 2755 Vetus
156 2705 214 2753 liber
225 2705 293 2753 habet
304 2706 418 2761 Bacchide,
434 2706 460 2753 δε
471 2706 502 2752 ita
514 2705 600 2768 opinor
611 2702 764 2753 scribendum.
780 2704 853 2762 vrfin.
876 2702 941 2763 Quid
1001 2752 1003 2757 ,

70 2768 103 2817 de
114 2769 196 2816 Bacchi
208 2769 301 2815 coronis
312 2768 412 2830 potuerit
428 2769 518 2816 Atticus
537 2765 632 2815 scribere
646 2801 653 2822 ‚
675 2765 740 2829 quod
755 2766 868 2815 Ciceroni
885 2778 939 2815 tam

71 2845 166 2896 gratum
177 2831 246 2879 fuerit
258 2863 265 2885 ‚
281 2844 353 2876 nemo
364 2830 434 2878 laeile
444 2829 577 2893 explicabit.
604 2829 667 2890 Quid
678 2827 742 2877 enim
753 2829 782 2878 ad
793 2828 936 2878 Ciceronem

31 2908 35 2915 ·
71 2897 216 2945 &Atticum
228 2907 278 2955 quac
289 2907 381 2939 corona
392 2893 484 2940 Baccho
493 2891 580 2940 suerint
591 2891 712 2955 impofitae.
745 2897 773 2941 ln
788 2892 883 2941 Balliol.
901 2892 937 2940 le·

89 2961 134 3007 itur
147 2975 153 3005 :
167 2959 224 3020 quod
234 2974 268 3003 mc
279 2956 303 3000 dc
315 2955 414 3001 Bacchide
425 2988 433 3012 ,
443 2955 566 3014 statuarum
575 2960 672 3012 aaronis,
698 2952 722 3003 lit
739 2955 866 3018 legendum
881 2968 939 3003 cen·

69 2975 147 3072 leam:
162 3022 219 3084 quia
229 3020 297 3065 mede
314 3018 414 3063 Bacchide
429 3051 436 3074 ,
457 3020 483 3064 de
493 3018 614 3076 statuarum
627 3021 714 3066 caronis.
745 3023 787 3067 Per
797 3015 938 3066 Bacchidem

72 3100 130 3135 veto
140 3083 243 3145 intelligi
253 3094 311 3145 puto
322 3082 436 3133 mimam.
451 3092 490 3128 aut
506 3079 577 3127 aliam
590 3081 745 3128 concubinam
755 3098 769 3136 ‚·
783 3094 838 3127 eum
853 3092 901 3142 qua
916 3081 939 3128 se

71 3146 206 3198 oblectabat
219 3145 350 3200 Antonius,
366 3157 425 3207 quas
440 3144 543 3205 exagitat
554 3144 625 3190 toties
637 3145 661 3190 in
675 3143 811 3207 Philippicis.
845 3147 882 3190 De
896 3156 939 3191 co·

74 3213 138 3259 ronis
154 3223 233 3258 autem
245 3207 391 3263 statuarum,
406 3220 506 3269 quaeant
521 3205 634 3267 impolita
646 3238 654 3259 ,
670 3218 709 3252 aut
719 3204 827 3254 detractae
837 3219 851 3253 a
861 3220 939 3270 popu-

74 3274 102 3320 lo
113 3287 150 3320 aut
162 3273 217 3336 Julii
232 3269 341 3328 Caesaris,
358 3283 397 3318 aut
410 3269 510 3317 Antonii
520 3266 599 3316 statuis
610 3267 699 3316 videtur
714 3269 789 3329 loqui.
805 3271 830 3315 dc
840 3270 941 3316 Bacchide

76 3336 104 3383 in
113 3338 182 3384 veteri
193 3336 254 3384 libro
265 3349 362 3398 quoque
372 3331 394 3381 se
405 3330 580 3396 deprehendili'e
590 3330 684 3381 testatur
694 3335 719 3379 F.
731 3329 806 3381 Utstn.
814 3334 839 3380 δι
847 3331 939 3395 probat.

10 3438 12 3451 .
78 3395 327 3461 licvidetur,inquit‚
346 3395 498 3445 scribendum.
530 3394 595 3459 quod
611 3393 690 3458 postea
706 3393 802 3443 demum
819 3396 942 3459 cognovi,

39 3518 42 3531 Ι
75 3472 135 3509 eum
144 3458 192 3509 leae
200 3461 283 3523 litteris
293 3457 448 3514 mandassem.
464 3460 491 3510 in
501 3471 526 3510 tt
537 3456 824 3510 obscuralicetbariolati.
840 3462 915 3505 Grae.

848 3534 887 3581 73.
902 3522 945 3567 aa·
