2296 3900
217 158 299 241 12¹4
339 140 540 207 terrra
581 130 1023 212 Doonaerntrs

223 264 325 311 tonem
340 251 464 327 primum
478 249 642 309 sententiam
656 260 734 325 putat
749 249 785 308 de
805 249 1059 310 animadversione
1076 246 1117 309 di*

227 326 311 396 xiffe3
332 345 419 406 quam
434 345 535 386 omnes
549 340 614 385 ante
630 325 775 396 dixerant,
798 325 934 403 ¹8praeter
952 325 1114 386 Caesare'm:

227 409 259 464 &
274 405 340 464 cinn
354 404 435 479 ipsius
448 404 561 462 Caesaris
575 416 634 461 tam
649 403 742 461 severa
756 405 839 462 fuerit
855 448 864 474 ,
884 404 933 482 qui
955 415 1021 462 tum
1044 423 1115 492 prat-

152 496 156 503 '
227 484 303 541 torio
324 483 391 540 loco
412 481 534 551 dixerit,
562 479 747 538 consularium
768 493 847 555 putat
866 481 988 539 leniores
1010 479 1114 550 fuisse,

111 570 182 619 nn
230 557 1113 634 Qffl,Qffihmfflmm,Qmmsffimm,

37 694 40 701 .
75 630 156 709 dun,-
231 635 351 711 Lepidi,
371 634 471 704 Gellii,
490 632 651 701 dVolcatii,
671 635 778 709 Figuli,
799 635 912 702 Cottae,
933 633 969 690 L.
978 634 1097 693 Caesatis
1104 675 1114 703 ,

76 723 146 774 vale.
232 715 266 771 C.
280 712 383 771 Pisonis
399 755 408 781 ,
428 713 512 770 etiam
535 712 587 768 Μ’.
600 711 778 770 thabnonis
795 755 805 783 ,
823 711 836 754 f
841 711 942 779 Silani,
961 712 1113 781 Murenae,-

77 787 153 860 aelfr·
231 788 437 865 defignatorum
452 788 606 847 consulum.
645 805 694 846 cut
709 805 775 863 ergo
789 789 818 846 in
831 788 1001 846 sententiam
1024 789 1111 847 Cato-

76 849 1110 961 ffff.mmmmfflmfflmmm&mfflmmmm⁴

75 974 92 1025 f
105 923 164 1023 ,²25¹
233 941 571 1018 demeomprehenderat.
609 942 661 999 Me
675 954 770 1000 autem
785 942 830 1000 hic
843 941 953 1008 laudat,
974 940 1058 1018 quod
1071 959 1110 1000 re·

75 1017 1108 1154 ψωῑωωωωωὼωώωωωὼψώωωήᾛ

51 1146 55 1153 ,
109 1100 203 1148 asside*-
1057 1095 1092 1155 us)

49 1115 124 1215 {aaa
146 1160 222 1228 qubd.
1036 1114 1056 1172 q

226 1279 278 1339 ejus
288 1278 351 1329 libro
362 1292 494 1331 notaverat.
512 1281 603 1330 Omnia
614 1282 694 1338 enirn,
706 1293 758 1345 quae
774 1280 862 1330 Cicero
876 1279 903 1329 in
919 1273 963 1328 illa
978 1278 1046 1330 Bruti
1091 1279 1097 1292 ⁹

227 1341 290 1392 stola
301 1343 465 1408 reprehendit,
482 1359 595 1393 nontam
606 1343 790 1409 imprudentiam
801 1344 877 1399 Bruti,
897 1343 973 1408 quim
989 1345 1052 1392 imm
1084 1359 1107 1393 e·

226 1404 297 1455 stiam
312 1420 431 1479 arguunt,
452 1407 519 1472 quod
534 1405 583 1456 sine
595 1409 688 1520 Sudore
708 1405 766 1455 ausit
783 1408 826 1456 illa
841 1405 940 1456 scribere
956 1405 1105 1456 decatum

225 1467 356 1526 sententia,
371 1484 428 1520 ante
439 1472 488 1520 alio
510 1470 588 1528 dista,
612 1488 626 1520 e
636 1471 736 1519 lenitate
747 1469 916 1518 sententiarum
928 1469 1104 1520 consularium:

225 1530 257 1580 de
267 1533 373 1590 tatione,
391 1549 431 1583 cur
442 1485 621 1584 in'ssententiam
631 1534 733 1583 Catonis
743 1536 789 1582 SC.
804 1531 895 1582 fadum
912 1529 941 1581 fit
953 1567 961 1590 ,
983 1549 1037 1598 quae
1049 1532 1104 1582 falsa

225 1594 274 1645 effe
284 1610 357 1658 nemo
368 1597 501 1660 ignorabat.
533 1597 562 1647 Id
590 1611 670 1659 noque
680 1596 830 1659 impudenter
841 1596 910 1652 fecit,
929 1610 987 1646 cum
1005 1595 1036 1647 ab
1046 1598 1104 1645 Atti·

208 1664 213 1669 '
226 1671 257 1707 co
267 1659 349 1720 petiit,
365 1675 417 1722 quae
428 1676 443 1709 a
454 1660 562 1727 quolibet
572 1613 645 1709 briba
655 1672 766 1724 poterant
778 1658 846 1710 effici.
864 1659 938 1708 sicin
949 1661 1028 1710 altero
1039 1661 1103 1709 vola·

225 1721 294 1769 mine
303 1719 469 1786 epistolarum,
485 1739 545 1787 quas
556 1723 586 1772 ad
596 1723 733 1772 Familiares
743 1734 851 1781 vocant,
866 1721 907 1772 lib.
914 1736 939 1771 v.
956 1738 995 1788 ep.
1008 1731 1031 1774 6.
1047 1723 1107 1772 teste

225 1784 314 1847 legitur
323 1786 349 1834 in
360 1786 523 1837 vetustioribus
533 1785 689 1836 editionibus:
697 1793 745 1833 Non
752 1787 809 1846 finis
823 1787 907 1834 credide·
916 1789 1003 1834 homini
1006 1788 1104 1850 perdenti,

225 1858 273 1894 um
284 1849 352 1895 valde
363 1850 400 1910 effe
411 1865 518 1900 mutatam
532 1853 666 1897 veluntatem
683 1861 753 1900 tuam.
785 1847 832 1897 Ubi
848 1858 975 1914 perperam
989 1850 1105 1898 mentio·

226 1924 281 1958 tes:
296 1913 405 1974 prudenti.
438 1918 504 1964 Nam
515 1915 540 1962 in
550 1913 646 1962 librario
655 1912 737 1961 laudes
754 1914 833 1977 potius
849 1912 993 1976 probitatem
1007 1914 1034 1961 δι
1047 1926 1106 1960 mo·

225 1972 340 2038 destiam,
356 1976 422 2042 quod
431 1975 460 2027 fit
471 1978 547 2027 homo
558 1975 633 2040 frugi,
650 1975 725 2040 quam
736 1975 894 2038 prudentiam.
928 1981 961 2024 Et
970 1978 995 2025 in
1004 1975 1105 2026 libau.

225 2050 263 2100 ep.
273 2054 293 2094 5.
311 2042 432 2088 Probr'urem
447 2045 565 2098 hominem,
580 2042 689 2087 meliorem
699 2043 796 2097 virum,
822 2041 972 2102 pudentiorem
986 2038 1024 2099 effe
1038 2043 1108 2086 nemi·

226 2114 282 2150 nem.
315 2101 363 2152 Ubi
373 2119 496 2169 perperam
507 2103 624 2153 editiones
634 2101 784 2151 vetustiores:
800 2104 967 2165 prudentiorem.
977 2103 1055 2153 Cicer.
1062 2115 1109 2166 pto

227 2165 329 2212 Flacco:
343 2168 502 2229 pudennffimus
513 2170 540 2220 (r
551 2171 644 2229 optimus
653 2170 700 2214 uir.
735 2170 811 2215 Grae.

262 2237 298 2277 18.
315 2234 394 2278 Preter
405 2233 523 2293 cesarem]
547 2235 629 2278 Immo
639 2231 664 2278 be
676 2227 754 2277 Caesar
764 2242 821 2277 ante
831 2233 953 2277 Catonem
963 2225 1107 2278 sententiam

226 2289 334 2340 dixerat:
350 2306 399 2343 erat
411 2296 476 2343 enim
483 2291 560 2343 Casae
570 2305 655 2355 ptaetor
665 2291 813 2356 designatus,
831 2295 896 2340 Cato
907 2304 987 2339 autem
998 2290 1108 2340 tribunus

225 2355 262 2416 pl.
275 2353 426 2421 defignatust
443 2359 589 2420 &pretores
600 2354 707 2405 tribunos
725 2355 845 2418 dignitate
858 2353 988 2404 anteibant.
1023 2355 1104 2418 itaque

227 2420 254 2466 ἃ
266 2419 327 2483 apud
337 2420 470 2469 Sallustium
483 2424 547 2468 Cato
558 2420 700 2467 sententiam
710 2417 767 2467 dicit
783 2417 836 2482 post
852 2416 978 2468 Casatem.
1012 2414 1047 2466 est
1063 2419 1108 2483 igi-

209 2482 212 2487 '
226 2490 265 2528 tut
276 2484 452 2548 accipiendum,
468 2488 547 2531 Praeter
559 2484 671 2544 Cefirrem:
688 2497 739 2530 non
750 2481 826 2529 modo
838 2479 915 2529 Caesar
933 2480 1000 2544 ipse,
1017 2481 1055 2529 cui
1071 2497 1108 2530 re·

226 2542 322 2608 spondit
338 2552 421 2603 Cato,
443 2545 481 2594 sed
502 2560 587 2593 omnes
610 2560 666 2594 ante
682 2551 803 2593 Catonem
820 2541 962 2592 sententiam
984 2543 1107 2594 dixerantr

227 2622 314 2657 omnes
331 2623 410 2658 autem
426 2625 477 2657 non
494 2607 633 2665 senatores,
651 2610 706 2671 (nec
718 2610 784 2656 enim
795 2621 851 2655 ante
861 2607 982 2656 tribunum
999 2607 1033 2670 pl.
1045 2606 1108 2656 desi-

226 2685 325 2735 gnatum
338 2674 440 2735 privatus
451 2671 545 2721 senator
555 2671 697 2720 sententiam
708 2669 814 2733 dixisset)
831 2671 883 2727 led,
899 2678 990 2726 Onnes,
1006 2669 1069 2719 dixit
1077 2671 1109 2721 de'

226 2734 399 2800 magistratibus
412 2737 454 2792 iis,
470 2737 511 2799 qui
522 2733 620 2784 tribunis
632 2734 748 2799 dignitate
759 2733 905 2798 praestabant.
939 2737 964 2782 P.
975 2735 1063 2785 Manut.

257 2815 292 2853 ¹9·
311 2801 432 2844 Cebennas
442 2800 505 2858 fian]
536 2798 575 2848 nd
596 2797 856 2855 animadvertendum,
877 2797 954 2862 inquit
972 2798 1106 2849 Manutius.-

223 2876 276 2910 non
287 2859 384 2924 quidem
395 2862 467 2911 male.
486 2861 525 2910 sed
536 2877 617 2912 tamen
629 2861 745 2910 efficacius
755 2861 788 2908 est
799 2861 845 2909 hoc
861 2858 1006 2910 vocabulum
1016 2858 1105 2924 fignifi-

224 2939 295 2977 eans‚
313 2925 456 2973 Ciceronem
469 2926 575 2975 senatum
587 2927 739 2975 vacillantem
752 2928 777 2974 ὅ(
793 2923 910 2972 sententii
926 2920 1026 2971 casaris
1041 2924 1106 2972 labe·

199 3015 205 3025 .
226 2987 344 3038 saetarum
360 2987 511 3039 confirmasse
533 2993 558 3040 δι
575 2986 707 3042 animasse,
741 3002 765 3035 ut
783 2986 894 3051 depofito
910 2999 976 3034 meru
993 2985 1071 3035 fortes
1085 2986 1107 3035 se

223 3049 353 3115 praeberent
379 3054 404 3100 in
424 3052 543 3104 censendo
564 3055 590 3102 δι
610 3060 683 3115 poena
705 3050 861 3100 decernenda.
906 3048 1011 3114 Justinus
1027 3065 1067 3105 xi,
1085 3066 1103 3099 1.

225 3116 314 3176 Qibus
337 3115 396 3162 rebus
417 3120 488 3165 veluti
510 3117 593 3163 nrrdrle
613 3118 710 3180 qaedam
732 3119 866 3162 interventus
887 3115 1021 3162 „Alexandri
1037 3113 1104 3172 fuit,

224 3180 266 3240 qui
278 3189 318 3239 prr
332 3183 426 3226 concione
441 3184 474 3229 ita
495 3184 573 3243 vulgus
595 3198 653 3226 omne
676 3180 791 3238 cenfhlarus
810 3182 949 3241 laureatusque
960 3191 1001 3240 pre
1018 3189 1105 3240 ternpore

192 3285 194 3289 ,
228 3239 276 3297 est,
296 3254 320 3287 rer
336 3244 362 3292 da
384 3257 465 3289 metum
484 3245 607 3289 timentibus
628 3245 719 3288 demeret
731 3270 740 3298 ,ι
766 3234 792 3293 da·
802 3243 840 3304 spe
854 3258 925 3287 omnes
940 3241 1047 3302 impleret.
1081 3242 1103 3288 dt

224 3316 276 3366 cap.
285 3319 306 3358 3.
325 3305 431 3362 eiusdem
442 3304 512 3353 libti:
530 3313 556 3354 sn
571 3307 661 3363 transtu
672 3309 769 3352 hortatus
779 3306 885 3366 Tbeffesrr
894 3304 984 3363 fuerat,
1000 3303 1107 3364 beneficie-

224 3380 316 3429 rumque
328 3370 428 3430 Pennppi
435 3371 525 3430 patris,
543 3373 588 3421 dre.
605 3371 753 3418 admonuerat.
786 3373 817 3416 Et
830 3383 885 3424 xlv,
897 3384 918 3424 3.
936 3372 1059 3424 Eumenes,
1071 3366 1106 3427 qui

224 3434 301 3477 ausser
313 3432 382 3497 cladis
398 3444 466 3486 erar,
488 3449 523 3481 nee
538 3435 608 3483 aliam
617 3433 679 3498 spem
694 3434 777 3497 salutis
790 3434 898 3498 reliquam
912 3430 1020 3488 antehae,
1042 3432 1109 3477 vietur

223 3493 360 3547 annuere.
395 3495 476 3554 (ἔω,-
1013 3572 1047 3606 ²0
1072 3558 1113 3604 Ha
