2296 3900
189 112 381 185 Efrrsr.
424 127 497 191 nn
539 113 841 189 Anrreuu.
872 114 965 195 :17⁸¹

83 226 131 285 'ele
145 219 278 281 restabat:
300 217 347 279 sed
367 230 462 279 tamen
483 217 551 278 scire
571 214 715 295 pervelim.
742 217 837 277 5¹libri
849 216 965 295 quidem

81 303 121 360 ita
137 308 164 354 52
172 299 298 357 exierunt
314 337 323 367 ,
343 293 406 372 (nifi
420 294 493 357 forte
507 313 555 355 me
575 293 736 355 communis
757 290 898 366 donnoniae
912 295 962 356 de-

79 377 161 511 dii
182 375 255 510 ill
268 373 318 508 til
330 370 858 509 illailtlltitffl.{llll
872 371 961 511 filii

85 469 231 606 ‘uar'qplruae
240 492 329 609 'habes
344 526 379 586 de
393 468 570 587 ricademicis
584 566 594 597 ,
621 466 716 589 trinita
738 490 870 601 descripti
883 468 961 665 lunt}
969 528 994 579 1·
1001 529 1112 581 chlli.

890 621 920 663 m
950 636 964 653 -

84 746 176 796 multos
187 744 232 796 suis
246 744 335 809 seriptis
346 738 477 794 illustrali‘et
489 743 588 802 Cicero,
603 742 659 797 seire
676 744 783 810 cupiebat
796 745 907 809 quisnam
918 743 962 797 ille

84 808 150 860 foret
165 810 203 859 cui
216 814 292 858 varro
312 808 446 858 invideret:
470 820 529 856 num
546 813 647 866 Brutus,
663 811 699 857 cui
715 807 833 874 scripserat
849 808 923 859 libros
933 808 963 859 de

58 872 73 913 ι’
85 872 191 921 Finibus.
222 870 293 938 Qrod
304 869 321 919 fi
333 886 383 919 non
393 874 475 919 Brutus
492 871 522 920 ab
538 887 570 920 eo
586 872 773 934 ilnnoevnoino,
791 870 869 920 multo
885 873 964 921 minuo

86 933 241 985 Horteniium
250 933 397 984 existimabar
408 933 437 982 ab
447 948 478 983 eo
507 934 556 982 ode
568 934 771 996 (nroovnoiobor,
786 948 825 982 aut
838 948 893 992 eos,
901 949 963 999 quos

85 998 211 1048 induxerat
220 998 347 1062 loquentes
361 999 387 1047 in
401 996 466 1046 libris
481 949 512 1047 (le
527 1002 589 1060 Rep.
603 998 639 1045 illi
654 998 720 1047 enim
735 999 784 1058 jam
800 999 907 1047 mortui:
925 1000 964 1047 in·

86 1061 196 1110 videmus
210 1074 289 1110 autem
304 1060 370 1112 vivis.
400 1074 472 1124 quare
492 1065 550 1125 petit
566 1072 592 1108 ur
608 1059 717 1109 accurate
734 1073 812 1109 totam
830 1061 892 1109 hane
911 1076 963 1111 tem

86 1125 204 1187 inquirat,
221 1126 246 1173 δι
257 1126 279 1173 ei
288 1123 398 1189 explicet.
429 1123 513 1173 Libros
524 1137 604 1172 autern
616 1122 682 1179 iuos,
699 1138 761 1186 quos
776 1136 902 1188 tantopere
911 1126 964 1173 lan·

41 1197 44 1204 ⁴
86 1186 143 1243 dar,
160 1186 275 1236 credimus
285 1202 330 1236 nos
340 1186 446 1250 plurimis
457 1187 601 1250 argumentis
612 1183 658 1235 elie
668 1188 774 1250 quinque
791 1185 865 1236 libros
878 1186 909 1235 de
924 1190 964 1237 Fi-

88 1250 170 1298 nibus:
188 1248 229 1300 etfi
240 1249 323 1299 seimus
334 1247 452 1313 quosdam
463 1266 514 1299 non
529 1250 676 1313 inelegantes
692 1264 736 1298 nec
753 1249 885 1300 ineruditos
900 1250 964 1300 viros

86 1312 223 1370 credidisse,
233 1313 296 1364 dista
305 1327 335 1362 ea
343 1310 390 1361 elie
398 1311 429 1360 de
439 1312 504 1362 libris
514 1313 677 1371 Academicis,
694 1314 736 1378 qui
750 1314 775 1362 in
789 1329 820 1363 eo
832 1325 914 1362 vereor
930 1329 963 1363 ne

86 1366 179 1441 delepti
194 1374 240 1426 fint
251 1393 258 1425 e
271 1392 328 1426 nrm
339 1374 448 1424 nondum
458 1376 511 1425 libri
528 1376 685 1432 Academici,
702 1391 764 1440 quos
780 1375 810 1426 ad
829 1381 962 1427 Varronem

86 1439 152 1488 misit
165 1474 173 1497 ,
189 1438 292 1489 conielli
302 1451 368 1488 erant
379 1439 404 1488 δι
415 1437 534 1488 absoluti:
550 1453 575 1488 ut
588 1454 617 1488 err
629 1438 678 1489 inie
697 1439 805 1488 uentibus
816 1437 893 1487 verbis
910 1440 963 1487 eol-

64 1554 67 1559 ,
86 1504 183 1566 ligitur,
199 1504 276 1566 inquit
291 1503 368 1558 enim,
385 1500 456 1549 Multi
468 1516 539 1550 tornen
552 1507 592 1551 huc
602 1517 662 1549 erunt
675 1452 839 1566 alendidioru,
855 1502 964 1560 breviora,

86 1569 187 1613 meliora.
220 1566 327 1614 inchoati
336 1567 405 1629 igitur
415 1578 480 1614 erant
494 1569 519 1615 &
531 1565 677 1632 imperfesti,
694 1567 820 1621 cumillis,
836 1562 867 1613 de
878 1564 964 1628 quibus

88 1626 158 1692 iupri
170 1627 274 1688 loquitur
284 1630 309 1679 dc
320 1643 381 1688 quos
391 1627 486 1686 laudat,
500 1627 631 1693 supremam
641 1630 689 1690 jam
697 1643 796 1678 manum
805 1627 964 1692 impoluiilet:

88 1705 115 1739 ut
133 1705 162 1738 ex
179 1689 215 1736 his
231 1691 279 1751 ejus
294 1689 368 1739 verbis
383 1703 499 1754 apparet:
521 1695 583 1740 Lilori
598 1694 734 1756 quidenna
747 1696 845 1741 exierunt
860 1692 913 1753 (nofi
928 1710 963 1738 one

89 1756 210 1800 commum
225 1753 339 1809 ornantia
353 1754 441 1814 decepit)
457 1767 483 1801 ur
499 1757 523 1801 in
538 1758 581 1802 tali
588 1772 660 1817 genere
669 1773 694 1802 ne
707 1757 764 1818 apud
779 1758 862 1803 Grecos
871 1755 963 1818 quidem

81 1817 157 1876 fimilc
167 1818 289 1879 quicquam.
306 1814 419 1879 intelligo
429 1821 649 1874 autem‚l·.'xierunr,
663 1821 789 1880 evaserunt,
805 1817 962 1881 &postqum

86 1880 183 1937 absoluti
195 1879 249 1938 sune
267 1912 275 1934 ,
290 1876 316 1938 se
330 1880 387 1924 mihi
405 1876 534 1937 ostenderunt
552 1897 560 1933 ς
583 1879 786 1941 quemadmodum
807 1880 921 1930 Horatius
935 1883 964 1931 in

87 1941 187 1991 roetico
204 1941 282 2004 inquit
295 1974 304 1996 ‚
318 1965 330 1976 ·
340 1941 442 2002 amphora
455 1945 517 2004 caepit
532 1942 638 2000 Institui‚
654 1958 746 1990 currente
764 1955 812 1989 rota
832 1959 870 1991 sur
888 1958 964 1993 uretur

91 2009 156 2052 oxira
172 2002 217 2053 Sed
228 2005 253 2052 in
266 2002 318 2052 aliis
327 2004 401 2052 etiam
411 2001 478 2053 rebus
491 2003 520 2054 ab
534 2007 584 2066 ejus
594 2003 682 2064 judicio
692 2020 737 2053 nos
747 2007 773 2054 δι
790 2003 906 2055 sententia
916 2005 964 2057 dil·

88 2068 216 2123 sentimus,
236 2064 268 2114 de
278 2062 361 2128 quibus
372 2062 413 2116 su'o
422 2067 480 2116 loco
489 2067 596 2125 accurati
606 2066 766 2131 disputabitur.
800 2069 878 2117 Vilior.

121 2147 158 2187 51·
173 2132 239 2178 Libri
248 2132 307 2189 dre]
318 2130 397 2178 Facile
407 2126 537 2189 disertior,
551 2128 656 2183 ueritatis
665 2127 763 2188 mulii,
778 2129 820 2188 iis,
837 2130 879 2195 qui
889 2129 962 2181 libros

90 2192 122 2241 de
133 2194 229 2243 Finibus
240 2192 271 2242 ad
281 2198 377 2242 Burrum
389 2192 466 2242 intelli
484 2194 592 2258 ipurant.
626 2206 690 2244 certe
699 2195 764 2244 enim
775 2206 888 2257 quattuor
902 2202 966 2244 Aca·

89 2256 197 2306 demicos
207 2256 237 2305 ad
252 2263 385 2307 varronem
400 2209 531 2321 lignitate
545 2273 596 2307 non
611 2255 707 2323 potest,
722 2258 765 2320 qui
779 2256 887 2305 nondum
898 2258 965 2307 exie·

84 2330 153 2384 rant.
185 2332 256 2377 nam,
271 2315 412 2375 liexiilenm
428 2323 522 2368 Atticus
534 2334 576 2369 eoa
586 2317 699 2386 lepiiiet:
715 2337 766 2370 non
785 2317 867 2384 legisse
883 2332 965 2371 autem

87 2394 171 2448 aperte
179 2381 267 2432 indicat
276 2380 350 2439 illud,
367 2387 415 2431 Hac
432 2394 492 2429 erunt
500 2383 664 2445 splendidiora,
678 2385 795 2440 breviora,
810 2385 919 2431 meliora:
936 2385 965 2433 bc

87 2454 200 2510 praterea
213 2457 266 2495 tota
280 2444 380 2510 epistola
395 2446 421 2494 δι
435 2442 559 2507 sequentes
567 2448 660 2504 etiam,
674 2447 758 2511 quibus
770 2446 863 2495 Atticus
879 2445 965 2497 consu-

85 2510 131 2566 lit,
148 2522 207 2557 num
217 2521 328 2572 quattuor
337 2506 494 2557 Academicos
504 2509 534 2558 ad
546 2515 679 2560 Varronem
693 2510 788 2563 mittat,
804 2520 866 2617 3⁰⁰⁵
879 2519 965 2557 tamen

85 2572 141 2635 jam
152 2569 300 2636 perfecerat,
324 2576 431 2620 varrone
446 2583 525 2634 partes
539 2573 696 2623 Antiochinas
712 2572 737 2619 in
761 2570 788 2617 iir
821 2568 964 2619 efendente:

88 2636 148 2691 Sul,
162 2635 252 2697 inquit,
266 2636 303 2695 etss
312 2636 399 2682 nomina
408 2637 460 2696 jam
466 2633 529 2695 fallu
538 2637 609 2697 sunt,
625 2650 697 2684 rumen
711 2634 748 2681 vel
759 2632 851 2688 induci,
867 2634 905 2679 vel
913 2648 965 2681 rnu-

87 2698 231 2762 ruriprffunr.
264 2701 289 2749 1³.
300 2702 396 2748 Manut.
448 2747 451 2755 ,
946 2728 953 2733 ··

121 2777 159 2817 52·
176 2764 302 2819 Reiorum]
317 2758 474 2810 liminibus:
493 2756 593 2810 absoluti
605 2757 657 2809 sunt
672 2794 680 2818 ,
701 2758 740 2809 sed
755 2758 865 2809 nondum
879 2770 963 2807 tamen

87 2822 220 2888 divulgari,
235 2836 307 2887 atque
316 2822 377 2872 adeo
389 2839 419 2870 ne
429 2828 501 2872 Bruto
513 2823 610 2886 quidem
619 2823 670 2872 dati
679 2838 716 2888 ep.
725 2839 809 2879 20,22.
822 2825 848 2872 δι
860 2837 898 2877 23·
914 2820 973 2881 nl,

88 2886 123 2937 iic
134 2890 217 2935 Horat.
228 2903 302 2934 urceus
312 2890 364 2935 onir.
380 2885 480 2936 corrad.
513 2892 584 2935 Hunc
594 2886 675 2935 locum
685 2901 735 2934 non
747 2885 865 2934 intellexit
877 2886 967 2933 Manu-

87 2951 143 2999 tius.
155 2947 312 2998 Academicos
324 2959 394 3014 negat
405 2947 530 3012 significari
557 2945 619 3005 olle,
628 2951 684 3013 quia
694 2946 719 2997 hi
730 2947 840 2996 nondum
849 2949 966 3004 exierant,

87 3012 131 3063 seu
141 3011 257 3076 divulgati
270 3024 345 3061 erant.
377 3015 442 3075 Ergo
452 3011 482 3060 de
492 2964 588 3061 Finibus
603 3011 707 3076 intelligi
723 3023 798 3073 putat.
818 3008 858 3059 sed
869 3013 965 3057 exierunt

88 3076 138 3125 hoc
148 3076 205 3124 loco
215 3073 248 3123 est
257 3071 336 3124 efferii
345 3071 405 3124 sunt.
423 3074 530 3124 Martial.
537 3090 574 3131 xr,
581 3091 619 3129 32.
641 3078 699 3122 Hinc
709 3076 755 3120 exit
764 3076 856 3120 varium
866 3090 910 3119 cuce
919 3077 965 3120 mi·

88 3140 160 3188 nurui.
177 3136 330 3204 Augustam
353 3136 500 3187 decivitate
513 3138 559 3185 Dei
571 3152 622 3201 cap.
634 3156 656 3197 4.
679 3138 785 3202 Ridentur
795 3138 901 3202 quidem,
915 3152 964 3183 curn

85 3220 121 3249 eor
136 3202 237 3248 videmus
255 3201 520 3264 figmonto'rhumunnrum
539 3203 660 3261 opinionum
672 3202 762 3263 partitis
785 3202 839 3248 inter
853 3198 878 3259 se
892 3202 963 3264 operi-

87 3267 127 3312 bus
142 3265 282 3325 distributor,
302 3278 406 3326 tanquam
422 3264 588 3312 minuscularios
603 3264 744 3326 veiiogalium
758 3264 906 3320 commorer,
923 3263 962 3310 vel

88 3342 194 3392 tunquam
209 3327 291 3393 opifices
303 3331 326 3374 in
343 3331 390 3374 vico
407 3329 544 3390 argentario,
566 3327 603 3372 uli
617 3342 685 3375 unum
699 3326 830 3387 vasculum,
850 3339 876 3374 ur
891 3324 966 3390 perst-

78 3388 223 3438 'uun'oxooo
234 3424 242 3447 ‚
255 3404 293 3454 por
308 3393 386 3439 mulror
401 3391 493 3455 artifices
507 3389 602 3449 trunfir,
628 3408 676 3440 curn
689 3392 715 3441 ub
735 3406 775 3445 uno
786 3389 878 3456 persedit
889 3386 967 3456 perfici

89 3452 157 3519 roffir.
189 3453 363 3525 Mffirouor,
691 3507 715 3529 ,ι

510 3519 644 3588 dxtera
874 3526 911 3572 5³·
926 3510 972 3574 lin,
