2296 3900
107 122 365 201 'Errsn
407 152 480 201 an
523 136 825 207 Acerbum.
874 132 956 221 1969

67 260 107 303 ne
118 240 250 303 ludomm
265 238 377 310 ¹Bmti',
396 241 448 299 tibi
464 235 602 299 assentior.
640 238 688 299 Ad
704 243 747 300 M.
763 240 872 301 AElium
889 244 975 303 nul-a
991 252 1056 301 saun

67 320 111 379 lus
125 333 157 378 tu
169 320 284 397 quidem
299 318 439 384 domum,
458 316 504 374 sed
519 316 604 375 sicubi
617 316 752 377 inciderit.
780 322 809 369 ⁷⁶
819 320 864 377 De
880 320 950 379 Tul·
960 314 1014 391 “fs
1028 320 1054 363 ί»

67 396 145 455 liano
158 394 281 464 semisse,
301 396 344 453 M.
361 394 504 451 Attanum
519 394 675 463 adhibebis,
697 406 728 451 ut
748 393 844 452 scribis.
865 382 1022 469 Quod¹¹‘'⁸·

69 489 135 531 cum
153 472 276 531 Cossano
293 468 368 545 egilii
386 512 395 539 ,
416 466 534 546 optime.
572 469 661 543 Quod
676 488 735 529 non
756 469 845 528 solinu
867 490 956 542 mea,

67 548 167 607 verbm
183 550 268 607 etiam
283 561 331 605 tua
346 548 475 623 expedis,
495 559 614 621 gramm.
634 546 637 551 ⁴
655 548 841 621 Legationem
858 550 957 623 proba-

66 626 89 685 ri
120 644 215 683 meam
243 624 363 699 gaudeo.
402 622 491 697 Quod
512 623 655 757 promittis
690 624 727 681 dii
759 623 854 681 faxint.
888 626 957 700 quid

66 703 146 760 enim
161 703 231 760 mibi
247 702 316 759 meis
328 698 497 775 jucundius?
523 700 666 769 edissam,
687 717 771 775 quam
788 714 819 757 tu
834 702 955 776 excipis,

65 793 180 837 metuo,
220 776 336 835 Brutum
368 775 431 834 clnn
455 793 618 835 convenero
654 776 817 851 perscribam
845 779 950 835 omnia.

65 854 117 913 De
139 855 243 912 Planco
267 855 295 911 &
323 853 472 920 Decimo,
492 850 554 911 sane
579 853 674 911 velim.
714 852 828 911 Sextum
844 854 951 911 scutum

66 929 354 1006 abjicerebnolebam.
393 930 439 987 De
458 929 589 1000 Mundo,
609 929 711 1005 siquid
725 930 799 987 scies.
821 927 976 1005 Rescripfib
991 930 1104 1007 nolebat·

68 1008 106 1063 ad
131 1008 227 1064 omnia
250 1017 325 1065 ctua.
363 1023 439 1064 nunc
457 1004 548 1063 nostra
582 1009 686 1081 accipe.
726 1008 849 1078 Quintus
879 995 1049 1067 ffliusmam

68 1100 160 1157 usque
174 1082 319 1141 Puteolos:
343 1084 426 1139 mirus
440 1082 507 1139 civis
522 1125 532 1151 ,
559 1095 589 1140 ut
603 1097 633 1140 tu
650 1083 824 1151 Favonium,
847 1095 874 1137 77
885 1084 947 1143 Afi.
957 1057 1053 1169 &fg-1
1053 1122 1103 1168 dm

67 1159 150 1216 nium
164 1158 251 1216 dicas:
272 1161 301 1218 ὅ(
322 1160 436 1293 quidem
453 1158 520 1216 duas
534 1159 572 1216 ob
587 1158 694 1227 causas,
715 1161 744 1216 ὅ(
760 1174 790 1216 ut
806 1178 920 1219 mecum
937 1185 1047 1232 mssa„
1056 1186 1069 1234 0·

69 1236 102 1292 &
116 1237 268 1293 aestuasset
292 1251 351 1296 vut
374 1252 440 1293 cum
463 1233 549 1292 Bruto
570 1237 599 1293 ὃ(
613 1236 712 1294 Caffio.
752 1235 805 1294 Sed
827 1249 858 1294 tu
879 1241 947 1315 quid
957 1247 1029 1296 MSS.

67 1308 129 1371 ais?
146 1311 202 1371 scio
217 1314 295 1373 enim
308 1325 337 1373 te
351 1312 516 1372 familiarem
531 1308 584 1371 effe
606 1314 765 1373 Othonum.
805 1312 835 1368 78
843 1314 881 1373 ait
898 1316 947 1452 ἐξ

65 1586 207 1640 sessionem.
226 1592 298 1640 cleric.
331 1590 492 1655 Legendum‚
519 1609 553 1641 me
563 1596 640 1641 intimo
650 1604 717 1641 ruam
727 1606 798 1640 amm
808 1608 854 1639 eam
864 1608 947 1641 mecm

67 1650 183 1713 ahstuliffe.
216 1652 388 1716 J.F.Gronov.

101 1723 139 1767 76.
156 1722 191 1763 De
201 1718 303 1763 Tulliam
309 1720 404 1777 semipse,
416 1720 536 1765 maximam
548 1718 675 1777 adhibebis]
685 1720 738 1766 Nos
748 1732 851 1767 veterem
862 1719 948 1768 leffiu-

66 1789 126 1824 nem
137 1776 292 1835 restituimus,
308 1778 518 1842 existimamusque
531 1784 659 1827 Maximam
673 1782 776 1829 mulieris
787 1797 877 1829 nomen
890 1781 947 1840 eil'e,

67 1852 141 1901 quam
154 1842 241 1889 Cicero
253 1845 359 1891 Atticum
370 1842 433 1900 iubet
447 1841 476 1889 de
488 1857 517 1890 eo
530 1857 559 1890 ne
577 1846 628 1891 orio
639 1858 694 1891 eum
705 1845 765 1907 agit,
783 1844 807 1891 in
820 1843 947 1894 confilium

66 1903 190 1961 adbibere,
208 1907 232 1953 δι
245 1918 299 1953 curn
309 1920 337 1954 ea
346 1904 404 1967 quid
417 1859 585 1968 gerendumst
597 1904 713 1954 conserte.
736 1906 833 1954 Plenum
844 1906 876 1955 est
889 1910 946 1954 md·

65 1968 136 2013 bibere
158 1972 182 2013 in
198 1969 329 2027 confilium,
354 1969 480 2080 quomodo
503 1968 584 2017 multis
605 1968 797 2032 locis-loquitur.
831 1971 946 2017 adhibere

58 2031 141 2078 etiam
159 2032 254 2093 aliquem
268 2030 323 2079 alibi
341 2046 476 2095 unrpatum
492 2031 521 2080 ab
536 2046 566 2079 eo
583 2029 623 2081 est.
649 2032 725 2079 Vilior.
758 2030 945 2084 Bolius‘eMSS.

63 2096 100 2143 M.
115 2097 249 2150 Asianum,
267 2092 332 2158 quod
344 2095 383 2144 alii
396 2098 443 2152 jam
455 2093 612 2150 exhibebant,
628 2093 734 2143 restituit.

97 2171 136 2212 77.
154 2158 261 2213 astatium
271 2162 352 2217 ἀίω]
380 2158 528 2207 Acerrimum
539 2158 595 2221 reip.
613 2160 638 2206 δι
654 2156 768 2205 libertatis
779 2152 943 2217 defensorem,

62 2218 147 2280 qualis
164 2216 208 2266 fuit
224 2221 342 2269 Favonius
359 2222 460 2271 Catonis
477 2222 585 2270 imitator
600 2220 675 2269 ditius
692 2223 718 2269 sc
737 2217 830 2268 Asinius
846 2221 943 2279 Pollius

62 2281 132 2337 cujus
143 2280 257 2330 exstante
275 2284 347 2332 istolae
358 2283 430 2333 lib.x.
447 2285 531 2334 Famil.
554 2299 606 2347 quae
620 2284 690 2332 illum
704 2281 821 2331 bonarum
840 2285 945 2347 partium

59 2340 194 2393 studiosum
205 2300 403 2405 fuidsindicant,
420 2349 444 2395 ba
460 2349 539 2396 oratio
556 2360 640 2398 eontra
656 2346 783 2395 maledieta
795 2348 896 2396 Antonii
907 2349 941 2395 ei-

58 2420 130 2458 tatur
143 2420 156 2453 a
168 2406 265 2456 carisio.
285 2410 388 2469 velleius
397 2424 479 2459 tamen
494 2410 534 2461 lib.
547 2426 578 2461 rr.
597 2412 692 2469 Asterius
704 2412 790 2465 Pollio,
801 2410 881 2470 firmus
890 2422 942 2465 pro·

50 2470 127 2533 pastro
143 2470 168 2521 &
180 2470 279 2527 Juliant's
291 2476 387 2534 parribus
393 2474 467 2534 fidus,
482 2476 615 2538 Pompeianis
624 2473 740 2533 adversus,
755 2477 871 2522 exercitum
882 2482 941 2521 Aa·

57 2536 124 2584 tenio
135 2534 239 2583 tradidit.
274 2540 371 2599 Popma.

97 2605 137 2645 78.
154 2599 203 2642 Ait
212 2600 247 2643 hie
260 2602 317 2646 mibi
329 2599 417 2656 Juliam
430 2616 470 2645 non
481 2599 538 2645 vella
554 2599 649 2659 amplius
661 2597 721 2656 fem
733 2604 741 2656 1
755 2596 811 2660 Jam
827 2596 850 2645 su
869 2598 893 2647 ra
903 2612 941 2647 te·

55 2658 118 2711 stati
132 2660 209 2706 snmus
220 2659 362 2721 postremam
374 2661 441 2719 buius
452 2658 504 2711 libri
517 2674 607 2724 partem
618 2661 699 2708 multis
710 2662 803 2709 mendis
817 2613 941 2710 dessstma·

56 2736 116 2775 tam
128 2719 181 2770 esse.
216 2726 284 2771 Hunc
296 2725 374 2771 locum
392 2724 461 2773 valde
475 2726 501 2772 in
512 2724 615 2786 antiquis
632 2724 806 2787 exemplaribus
822 2724 940 2775 diversum

53 2785 218 2837 invenimus:
234 2801 336 2847 qnorum
348 2789 497 2835 autoritatem
514 2787 538 2833 in
554 2801 579 2835 re
596 2787 692 2852 ancipiti
711 2790 735 2836 δι
752 2787 822 2835 dubia
839 2789 940 2846 libenter

54 2846 201 2909 sequimur:
229 2863 287 2897 nam
303 2864 357 2897 esna
373 2852 445 2899 etiam
461 2850 589 2899 teutonem
604 2865 654 2898 non
672 2851 764 2912 penitus
784 2863 872 2898 certam
893 2848 940 2899 ell'e

55 2910 283 2963 aninindvenimus.
316 2912 366 2974 quo
381 2927 462 2961 tamen
477 2913 554 2976 potius
570 2913 595 2961 in
614 2913 686 2961 tantis
704 2910 805 2962 tenebris
823 2927 863 2961 me
879 2926 939 2961 con-

54 2988 155 3027 vertam
168 2989 218 3020 non
234 2975 318 3023 babeo.
355 2976 492 3029 Nonnulli,
517 2977 558 3036 qui
573 2974 745 3036 manuscriptos
762 2978 889 3038 quospiam
908 2976 938 3025 li·
1018 2988 1021 2993 “

55 3035 118 3087 bros
129 3036 239 3085 videntur
251 3035 369 3093 babuisse,
385 3039 418 3085 ita
429 3039 562 3100 corrigunt,
578 3042 611 3083 ait
625 3043 660 3083 hic
673 3042 727 3083 lianc
736 3044 778 3083 vix
789 3038 876 3088 ”sutiam
888 3037 938 3095 scr·

54 3118 82 3151 re
96 3118 106 3147 .·
123 3114 180 3147 nanr
193 3103 216 3148 δι
231 3103 266 3149 illi
277 3101 321 3148 tria
333 3098 401 3149 simul
414 3100 488 3164 posita
501 3103 570 3148 verba
581 3101 716 3154 omittunt,
732 3100 797 3163 quod
814 3115 858 3147 nos
874 3116 936 3163 quo·

56 3178 110 3225 qne
120 3162 228 3212 fecimus.
261 3169 288 3211 ln
301 3165 376 3226 prima
388 3178 453 3227 parre
470 3160 606 3211 dissentiunt
623 3162 638 3211 ‘a
655 3162 740 3210 nosltis
755 3162 892 3211 melioribus
907 3166 938 3215 li·

55 3224 122 3281 bns,
140 3226 154 3273 *a
169 3226 253 3290 quibus
268 3242 314 3275 nos
330 3243 361 3275 ne
377 3228 496 3275 tantulum
508 3224 603 3287 quiden
623 3227 670 3274 boc
686 3225 743 3273 loco
759 3224 936 3278 declinavimus.

56 3288 111 3347 Qui
126 3289 227 3339 nostram
238 3291 308 3353 igitur
322 3289 452 3339 lestionem
463 3288 527 3338 videt
539 3322 546 3344 ,
562 3290 582 3338 is
595 3287 617 3337 se
629 3288 729 3349 antiqua
739 3290 882 3352 exemplaria
894 3306 937 3339 au·

55 3364 86 3401 te
97 3351 180 3399 oculos
191 3352 264 3415 polita
276 3353 361 3402 babere
372 3366 455 3418 putet,
479 3355 504 3401 δι
520 3349 551 3401 de
567 3366 613 3406 ea,
636 3364 661 3399 ut
676 3350 707 3399 de
722 3366 799 3399 vetere
815 3349 937 3416 scriptura,

54 3410 195 3463 constituat.
214 3420 290 3466 ΜΝ.
325 3418 377 3465 sibi
391 3416 477 3475 Juliam
485 3415 565 3475 ferra]
579 3414 643 3475 Quid
656 3428 683 3463 tu
695 3414 725 3461 ad
736 3414 783 3463 boe
794 3414 851 3463 dicis
869 3414 938 3476 quod

55 3478 93 3531 uls
106 3482 139 3541 Q-
152 3474 215 3528 silius
224 3476 314 3544 Juliam
328 3479 434 3533 Othonis
444 3476 495 3530 suas
505 3476 547 3541 ipsi
559 3478 655 3541 nuptias
668 3474 780 3531 defeated
794 3474 938 3531 condbuiss'e

475 3543 596 3605 attala
874 3540 941 3591 ‘⁸1¹¹
