<?xml version="1.0" encoding="UTF-8"?>
<!DOCTYPE html PUBLIC "-//W3C//DTD XHTML 1.0 Transitional//EN"
    "http://www.w3.org/TR/xhtml1/DTD/xhtml1-transitional.dtd">
<html xmlns="http://www.w3.org/1999/xhtml" xml:lang="en" lang="en">
 <head>
  <title>
</title>
<meta http-equiv="Content-Type" content="text/html;charset=utf-8" />
  <meta name='ocr-system' content='tesseract 3.04.00' />
  <meta name='ocr-capabilities' content='ocr_page ocr_carea ocr_par ocr_line ocrx_word'/>
</head>
<body>
  <div class='ocr_page' id='page_1' title='image "./marcitulliicice04pedigoog_0421.png"; bbox 0 0 2296 3900; ppageno 0'>
   <div class='ocr_carea' id='block_1_1' title="bbox 61 96 950 976">
    <p class='ocr_par' dir='ltr' id='par_1_1' title="bbox 61 96 950 976">
     <span class='ocr_line' id='line_1_1' title="bbox 157 96 949 193; baseline 0 -16"><span class='ocrx_word' id='word_1_1' title='bbox 157 96 808 182; x_wconf 57' lang='lat' dir='ltr'><strong>intermissionis.</strong></span> <span class='ocrx_word' id='word_1_2' title='bbox 867 104 949 193; x_wconf 67' lang='lat' dir='ltr'><strong>rpoi</strong></span> 
     </span>
     <span class='ocr_line' id='line_1_2' title="bbox 61 220 946 303; baseline 0.007 -24"><span class='ocrx_word' id='word_1_3' title='bbox 61 220 158 301; x_wconf 71' lang='lat' dir='ltr'><strong>deaque</strong></span> <span class='ocrx_word' id='word_1_4' title='bbox 172 223 312 283; x_wconf 89' lang='lat' dir='ltr'><strong>duumviri</strong></span> <span class='ocrx_word' id='word_1_5' title='bbox 327 222 458 282; x_wconf 86' lang='lat' dir='ltr'><strong>omnibus</strong></span> <span class='ocrx_word' id='word_1_6' title='bbox 473 223 611 283; x_wconf 81' lang='lat' dir='ltr'><strong>mensibus</strong></span> <span class='ocrx_word' id='word_1_7' title='bbox 626 223 798 301; x_wconf 80' lang='lat' dir='ltr'><strong>inspicerent.</strong></span> <span class='ocrx_word' id='word_1_8' title='bbox 835 224 946 303; x_wconf 74' lang='lat' dir='ltr'><strong>questus</strong></span> 
     </span>
     <span class='ocr_line' id='line_1_3' title="bbox 64 299 946 377; baseline 0.003 -18"><span class='ocrx_word' id='word_1_9' title='bbox 64 300 109 361; x_wconf 84' lang='lat' dir='ltr'><strong>est</strong></span> <span class='ocrx_word' id='word_1_10' title='bbox 122 302 204 360; x_wconf 78' lang='lat' dir='ltr'><strong>etiam</strong></span> <span class='ocrx_word' id='word_1_11' title='bbox 218 300 313 360; x_wconf 84' lang='lat' dir='ltr'><strong>desua</strong></span> <span class='ocrx_word' id='word_1_12' title='bbox 329 299 448 368; x_wconf 89' lang='lat' dir='ltr'><strong>invidia;</strong></span> <span class='ocrx_word' id='word_1_13' title='bbox 470 318 559 377; x_wconf 88' lang='lat' dir='ltr'><strong>eaque</strong></span> <span class='ocrx_word' id='word_1_14' title='bbox 580 303 673 359; x_wconf 89' lang='lat' dir='ltr'><strong>omnis</strong></span> <span class='ocrx_word' id='word_1_15' title='bbox 693 302 750 377; x_wconf 84' lang='lat' dir='ltr'><strong>ejus</strong></span> <span class='ocrx_word' id='word_1_16' title='bbox 772 304 861 360; x_wconf 90' lang='lat' dir='ltr'><strong>oratio</strong></span> <span class='ocrx_word' id='word_1_17' title='bbox 876 304 946 373; x_wconf 79' lang='lat' dir='ltr'><strong>suit,-</strong></span> 
     </span>
     <span class='ocr_line' id='line_1_4' title="bbox 64 376 945 453; baseline 0.005 -17"><span class='ocrx_word' id='word_1_18' title='bbox 64 390 102 436; x_wconf 92' lang='lat' dir='ltr'><strong>ut</strong></span> <span class='ocrx_word' id='word_1_19' title='bbox 128 394 219 437; x_wconf 81' lang='lat' dir='ltr'><strong>amare</strong></span> <span class='ocrx_word' id='word_1_20' title='bbox 242 377 381 435; x_wconf 86' lang='lat' dir='ltr'><strong>rideretur</strong></span> <span class='ocrx_word' id='word_1_21' title='bbox 405 377 574 436; x_wconf 85' lang='lat' dir='ltr'><strong>Antonium.</strong></span> <span class='ocrx_word' id='word_1_22' title='bbox 613 376 692 452; x_wconf 82' lang='lat' dir='ltr'>Quid</span> <span class='ocrx_word' id='word_1_23' title='bbox 715 377 842 453; x_wconf 82' lang='lat' dir='ltr'><strong>quaeris?</strong></span> <span class='ocrx_word' id='word_1_24' title='bbox 877 380 945 439; x_wconf 83' lang='lat' dir='ltr'><strong>nihii</strong></span> 
     </span>
     <span class='ocr_line' id='line_1_5' title="bbox 67 452 947 530; baseline -0.001 -15"><span class='ocrx_word' id='word_1_25' title='bbox 67 452 175 515; x_wconf 66' lang='lat' dir='ltr'><strong>finccri,</strong></span> <span class='ocrx_word' id='word_1_26' title='bbox 213 454 283 511; x_wconf 86' lang='lat' dir='ltr'><strong>milri</strong></span> <span class='ocrx_word' id='word_1_27' title='bbox 297 465 392 511; x_wconf 87' lang='lat' dir='ltr'><strong>autem</strong></span> <span class='ocrx_word' id='word_1_28' title='bbox 414 472 473 512; x_wconf 88' lang='lat' dir='ltr'><strong>non</strong></span> <span class='ocrx_word' id='word_1_29' title='bbox 495 454 532 512; x_wconf 92' lang='lat' dir='ltr'><strong>est</strong></span> <span class='ocrx_word' id='word_1_30' title='bbox 553 452 695 523; x_wconf 89' lang='lat' dir='ltr'><strong>dubium,</strong></span> <span class='ocrx_word' id='word_1_31' title='bbox 714 453 819 530; x_wconf 80' lang='lat' dir='ltr'><strong>²8quin</strong></span> <span class='ocrx_word' id='word_1_32' title='bbox 833 471 874 513; x_wconf 87' lang='lat' dir='ltr'><strong>res</strong></span> <span class='ocrx_word' id='word_1_33' title='bbox 887 456 947 530; x_wconf 82' lang='lat' dir='ltr'><strong>spe·-</strong></span> 
     </span>
     <span class='ocr_line' id='line_1_6' title="bbox 68 528 947 599; baseline 0.003 -11"><span class='ocrx_word' id='word_1_34' title='bbox 68 528 125 589; x_wconf 64' lang='grc' dir='ltr'><strong>ἀεὶ</strong></span> <span class='ocrx_word' id='word_1_35' title='bbox 139 532 174 589; x_wconf 89' lang='lat' dir='ltr'><strong>ad</strong></span> <span class='ocrx_word' id='word_1_36' title='bbox 189 530 280 588; x_wconf 78' lang='lat' dir='ltr'><strong>castra.</strong></span> <span class='ocrx_word' id='word_1_37' title='bbox 320 530 379 588; x_wconf 73' lang='lat' dir='ltr'><strong>ada</strong></span> <span class='ocrx_word' id='word_1_38' title='bbox 395 531 470 588; x_wconf 87' lang='lat' dir='ltr'><strong>enim</strong></span> <span class='ocrx_word' id='word_1_39' title='bbox 487 531 529 589; x_wconf 86' lang='lat' dir='ltr'><strong>ilia</strong></span> <span class='ocrx_word' id='word_1_40' title='bbox 544 548 586 588; x_wconf 88' lang='lat' dir='ltr'><strong>res</strong></span> <span class='ocrx_word' id='word_1_41' title='bbox 602 531 639 589; x_wconf 90' lang='lat' dir='ltr'><strong>est</strong></span> <span class='ocrx_word' id='word_1_42' title='bbox 653 530 749 589; x_wconf 89' lang='lat' dir='ltr'><strong>animo</strong></span> <span class='ocrx_word' id='word_1_43' title='bbox 767 530 856 599; x_wconf 86' lang='lat' dir='ltr'><strong>virili,</strong></span> <span class='ocrx_word' id='word_1_44' title='bbox 876 538 947 591; x_wconf 47' lang='lat' dir='ltr'><strong>coni</strong></span> 
     </span>
     <span class='ocr_line' id='line_1_7' title="bbox 65 606 947 683; baseline 0.002 -18"><span class='ocrx_word' id='word_1_45' title='bbox 65 606 128 665; x_wconf 83' lang='lat' dir='ltr'><strong>filio</strong></span> <span class='ocrx_word' id='word_1_46' title='bbox 144 608 248 683; x_wconf 82' lang='lat' dir='ltr'><strong>puerili.</strong></span> <span class='ocrx_word' id='word_1_47' title='bbox 287 608 347 683; x_wconf 88' lang='lat' dir='ltr'><strong>quis</strong></span> <span class='ocrx_word' id='word_1_48' title='bbox 369 607 443 664; x_wconf 90' lang='lat' dir='ltr'><strong>enirn</strong></span> <span class='ocrx_word' id='word_1_49' title='bbox 466 609 521 665; x_wconf 89' lang='lat' dir='ltr'><strong>hoc</strong></span> <span class='ocrx_word' id='word_1_50' title='bbox 542 624 602 666; x_wconf 89' lang='lat' dir='ltr'><strong>non</strong></span> <span class='ocrx_word' id='word_1_51' title='bbox 617 607 701 676; x_wconf 91' lang='lat' dir='ltr'><strong>vidit,</strong></span> <span class='ocrx_word' id='word_1_52' title='bbox 722 609 800 682; x_wconf 84' lang='lat' dir='ltr'><strong>regni</strong></span> <span class='ocrx_word' id='word_1_53' title='bbox 813 608 947 667; x_wconf 84' lang='lat' dir='ltr'>heredem</span> 
     </span>
     <span class='ocr_line' id='line_1_8' title="bbox 66 682 946 759; baseline -0.005 -13"><span class='ocrx_word' id='word_1_54' title='bbox 66 682 219 746; x_wconf 70' lang='lat' dir='ltr'><strong>relictum?</strong></span> <span class='ocrx_word' id='word_1_55' title='bbox 240 684 306 759; x_wconf 91' lang='lat' dir='ltr'><strong>quid</strong></span> <span class='ocrx_word' id='word_1_56' title='bbox 320 695 415 742; x_wconf 84' lang='lat' dir='ltr'><strong>autem</strong></span> <span class='ocrx_word' id='word_1_57' title='bbox 430 683 584 753; x_wconf 82' lang='lat' dir='ltr'>absurdius,</span> <span class='ocrx_word' id='word_1_58' title='bbox 606 695 657 741; x_wconf 81' lang='lat' dir='ltr'><strong>Hoc</strong></span> <span class='ocrx_word' id='word_1_59' title='bbox 671 700 783 741; x_wconf 83' lang='lat' dir='ltr'><strong>metuere</strong></span> <span class='ocrx_word' id='word_1_60' title='bbox 802 725 810 750; x_wconf 94' lang='lat'><strong>,</strong></span> <span class='ocrx_word' id='word_1_61' title='bbox 830 685 946 742; x_wconf 79' lang='lat' dir='ltr'><strong>aiterum</strong></span> 
     </span>
     <span class='ocr_line' id='line_1_9' title="bbox 68 760 950 836; baseline 0.003 -19"><span class='ocrx_word' id='word_1_62' title='bbox 68 761 101 817; x_wconf 81' lang='lat' dir='ltr'><strong>in</strong></span> <span class='ocrx_word' id='word_1_63' title='bbox 117 777 190 818; x_wconf 83' lang='lat' dir='ltr'><strong>metu</strong></span> <span class='ocrx_word' id='word_1_64' title='bbox 204 781 256 817; x_wconf 83' lang='lat' dir='ltr'><strong>non</strong></span> <span class='ocrx_word' id='word_1_65' title='bbox 272 775 383 836; x_wconf 75' lang='lat' dir='ltr'><strong>ponere?</strong></span> <span class='ocrx_word' id='word_1_66' title='bbox 402 762 569 836; x_wconf 86' lang='lat' dir='ltr'><strong>quinetiam</strong></span> <span class='ocrx_word' id='word_1_67' title='bbox 584 762 639 818; x_wconf 90' lang='lat' dir='ltr'><strong>hoc</strong></span> <span class='ocrx_word' id='word_1_68' title='bbox 653 760 711 834; x_wconf 93' lang='lat' dir='ltr'><strong>ipso</strong></span> <span class='ocrx_word' id='word_1_69' title='bbox 731 774 861 834; x_wconf 88' lang='lat' dir='ltr'><strong>tempore</strong></span> <span class='ocrx_word' id='word_1_70' title='bbox 876 762 950 820; x_wconf 89' lang='lat' dir='ltr'><strong>rnul-</strong></span> 
     </span>
     <span class='ocr_line' id='line_1_10' title="bbox 66 835 949 914; baseline -0.001 -17"><span class='ocrx_word' id='word_1_71' title='bbox 66 848 97 897; x_wconf 80' lang='lat' dir='ltr'><strong>tu</strong></span> <span class='ocrx_word' id='word_1_72' title='bbox 118 835 289 898; x_wconf 70' lang='lat' dir='ltr'><strong>inuidiosa.</strong></span> <span class='ocrx_word' id='word_1_73' title='bbox 331 837 461 896; x_wconf 85' lang='lat' dir='ltr'><strong>²9Pontii</strong></span> <span class='ocrx_word' id='word_1_74' title='bbox 476 838 694 913; x_wconf 83' lang='lat' dir='ltr'><strong>Neapolitanum</strong></span> <span class='ocrx_word' id='word_1_75' title='bbox 717 836 733 896; x_wconf 68' lang='lat' dir='ltr'><strong>&#39;a</strong></span> <span class='ocrx_word' id='word_1_76' title='bbox 756 848 785 890; x_wconf 79' lang='lat'><strong>³0</strong></span> <span class='ocrx_word' id='word_1_77' title='bbox 793 850 881 897; x_wconf 87' lang='lat' dir='ltr'><strong>matre</strong></span> <span class='ocrx_word' id='word_1_78' title='bbox 902 851 949 914; x_wconf 57' lang='lat' dir='ltr'><strong>ty⁴</strong></span> 
     </span>
     <span class='ocr_line' id='line_1_11' title="bbox 887 932 950 976; baseline 0.032 -2"><span class='ocrx_word' id='word_1_79' title='bbox 887 932 950 976; x_wconf 84' lang='lat' dir='ltr'><strong>ran·</strong></span> 
     </span>
    </p>
   </div>
   <div class='ocr_carea' id='block_1_2' title="bbox 65 1122 989 3587">
    <p class='ocr_par' dir='ltr' id='par_1_2' title="bbox 72 1122 950 1242">
     <span class='ocr_line' id='line_1_12' title="bbox 72 1122 950 1193; baseline 0.002 -22"><span class='ocrx_word' id='word_1_80' title='bbox 72 1122 165 1186; x_wconf 80' lang='lat' dir='ltr'><strong>aliquid</strong></span> <span class='ocrx_word' id='word_1_81' title='bbox 174 1126 227 1190; x_wconf 85' lang='lat' dir='ltr'><strong>opis</strong></span> <span class='ocrx_word' id='word_1_82' title='bbox 236 1126 258 1177; x_wconf 90' lang='lat' dir='ltr'><strong>ei</strong></span> <span class='ocrx_word' id='word_1_83' title='bbox 270 1127 361 1178; x_wconf 88' lang='lat' dir='ltr'><strong>adferre</strong></span> <span class='ocrx_word' id='word_1_84' title='bbox 371 1140 499 1193; x_wconf 83' lang='lat' dir='ltr'><strong>oporteret.</strong></span> <span class='ocrx_word' id='word_1_85' title='bbox 516 1138 541 1174; x_wconf 86' lang='lat' dir='ltr'><strong>ut</strong></span> <span class='ocrx_word' id='word_1_86' title='bbox 551 1139 600 1175; x_wconf 74' lang='lat' dir='ltr'><strong>rara</strong></span> <span class='ocrx_word' id='word_1_87' title='bbox 610 1127 802 1192; x_wconf 81' lang='lat' dir='ltr'><strong>igitutlegirnus:</strong></span> <span class='ocrx_word' id='word_1_88' title='bbox 818 1124 895 1176; x_wconf 83' lang='lat' dir='ltr'><strong>inilia</strong></span> <span class='ocrx_word' id='word_1_89' title='bbox 905 1134 950 1173; x_wconf 77' lang='lat' dir='ltr'><strong>au·</strong></span> 
     </span>
     <span class='ocr_line' id='line_1_13' title="bbox 73 1190 706 1242; baseline 0.009 -7"><span class='ocrx_word' id='word_1_90' title='bbox 73 1199 124 1235; x_wconf 89' lang='lat' dir='ltr'><strong>tem</strong></span> <span class='ocrx_word' id='word_1_91' title='bbox 135 1204 207 1236; x_wconf 75' lang='lat' dir='ltr'><strong>utram</strong></span> <span class='ocrx_word' id='word_1_92' title='bbox 218 1205 281 1240; x_wconf 87' lang='lat' dir='ltr'><strong>erat:</strong></span> <span class='ocrx_word' id='word_1_93' title='bbox 298 1194 337 1241; x_wconf 87' lang='lat' dir='ltr'><strong>alii</strong></span> <span class='ocrx_word' id='word_1_94' title='bbox 348 1207 373 1240; x_wconf 78' lang='lat' dir='ltr'><strong>ut</strong></span> <span class='ocrx_word' id='word_1_95' title='bbox 383 1210 446 1240; x_wconf 72' lang='lat' dir='ltr'><strong>armo</strong></span> <span class='ocrx_word' id='word_1_96' title='bbox 455 1190 592 1242; x_wconf 79' lang='lat' dir='ltr'><strong>emendant,</strong></span> <span class='ocrx_word' id='word_1_97' title='bbox 629 1195 706 1241; x_wconf 72' lang='lat' dir='ltr'><strong>Visior.</strong></span> 
     </span>
    </p>

    <p class='ocr_par' dir='ltr' id='par_1_3' title="bbox 71 1240 989 1428">
     <span class='ocr_line' id='line_1_14' title="bbox 105 1240 950 1320; baseline 0 -22"><span class='ocrx_word' id='word_1_98' title='bbox 105 1260 143 1301; x_wconf 83' lang='lat'><strong>28.</strong></span> <span class='ocrx_word' id='word_1_99' title='bbox 160 1255 224 1316; x_wconf 80' lang='lat' dir='ltr'><strong>Qin</strong></span> <span class='ocrx_word' id='word_1_100' title='bbox 234 1272 266 1301; x_wconf 80' lang='lat' dir='ltr'><strong>res</strong></span> <span class='ocrx_word' id='word_1_101' title='bbox 275 1258 353 1320; x_wconf 65' lang='lat' dir='ltr'><strong>[pessit</strong></span> <span class='ocrx_word' id='word_1_102' title='bbox 363 1259 392 1302; x_wconf 83' lang='lat' dir='ltr'><strong>ad</strong></span> <span class='ocrx_word' id='word_1_103' title='bbox 402 1256 489 1314; x_wconf 62' lang='lat' dir='ltr'><strong>castra]</strong></span> <span class='ocrx_word' id='word_1_104' title='bbox 506 1255 543 1303; x_wconf 83' lang='lat' dir='ltr'><strong>Ad</strong></span> <span class='ocrx_word' id='word_1_105' title='bbox 555 1268 634 1311; x_wconf 87' lang='lat' dir='ltr'><strong>arma,</strong></span> <span class='ocrx_word' id='word_1_106' title='bbox 651 1268 759 1314; x_wconf 85' lang='lat' dir='ltr'><strong>quotum¹</strong></span> <span class='ocrx_word' id='word_1_107' title='bbox 769 1250 861 1302; x_wconf 84' lang='lat' dir='ltr'><strong>causam</strong></span> <span class='ocrx_word' id='word_1_108' title='bbox 876 1240 950 1312; x_wconf 76' lang='lat' dir='ltr'><strong>queri</strong></span> 
     </span>
     <span class='ocr_line' id='line_1_15' title="bbox 72 1312 989 1424; baseline -0.001 -62"><span class='ocrx_word' id='word_1_109' title='bbox 72 1313 191 1424; x_wconf 53' lang='lat' dir='ltr'><strong>uideoiep.</strong></span> <span class='ocrx_word' id='word_1_110' title='bbox 203 1315 250 1381; x_wconf 87' lang='lat' dir='ltr'><strong>sup.</strong></span> <span class='ocrx_word' id='word_1_111' title='bbox 262 1323 291 1367; x_wconf 81' lang='lat' dir='ltr'><strong>ad</strong></span> <span class='ocrx_word' id='word_1_112' title='bbox 302 1322 395 1377; x_wconf 82' lang='lat' dir='ltr'><strong>beilum,</strong></span> <span class='ocrx_word' id='word_1_113' title='bbox 411 1334 478 1383; x_wconf 86' lang='lat' dir='ltr'><strong>ep.4.</strong></span> <span class='ocrx_word' id='word_1_114' title='bbox 495 1318 536 1369; x_wconf 89' lang='lat' dir='ltr'><strong>lib.</strong></span> <span class='ocrx_word' id='word_1_115' title='bbox 545 1332 584 1368; x_wconf 86' lang='lat' dir='ltr'><strong>xr.</strong></span> <span class='ocrx_word' id='word_1_116' title='bbox 600 1320 630 1366; x_wconf 78' lang='lat' dir='ltr'><strong>ad</strong></span> <span class='ocrx_word' id='word_1_117' title='bbox 639 1320 729 1375; x_wconf 74' lang='lat' dir='ltr'><strong>cedem,</strong></span> <span class='ocrx_word' id='word_1_118' title='bbox 746 1331 782 1380; x_wconf 90' lang='lat' dir='ltr'><strong>ep.</strong></span> <span class='ocrx_word' id='word_1_119' title='bbox 797 1331 831 1372; x_wconf 78' lang='lat'><strong>19·</strong></span> <span class='ocrx_word' id='word_1_120' title='bbox 854 1312 894 1365; x_wconf 88' lang='lat' dir='ltr'><strong>lib.</strong></span> <span class='ocrx_word' id='word_1_121' title='bbox 906 1326 949 1362; x_wconf 72' lang='lat' dir='ltr'><strong>xc.</strong></span> <span class='ocrx_word' id='word_1_122' title='bbox 972 1380 989 1385; x_wconf 93' lang='lat'><strong>..</strong></span> 
     </span>
     <span class='ocr_line' id='line_1_16' title="bbox 71 1385 158 1428; baseline 0.034 -3"><span class='ocrx_word' id='word_1_123' title='bbox 71 1385 158 1428; x_wconf 73' lang='lat' dir='ltr'><strong>sorra,</strong></span> 
     </span>
    </p>

    <p class='ocr_par' dir='ltr' id='par_1_4' title="bbox 65 1432 986 3587">
     <span class='ocr_line' id='line_1_17' title="bbox 76 1432 950 1508; baseline -0.006 -17"><span class='ocrx_word' id='word_1_124' title='bbox 76 1484 80 1491; x_wconf 90' lang='lat'>.</span> <span class='ocrx_word' id='word_1_125' title='bbox 103 1457 141 1495; x_wconf 87' lang='lat'><strong>29.</strong></span> <span class='ocrx_word' id='word_1_126' title='bbox 160 1447 224 1490; x_wconf 82' lang='lat' dir='ltr'><em>Ponti</em></span> <span class='ocrx_word' id='word_1_127' title='bbox 234 1446 398 1508; x_wconf 58' lang='lat' dir='ltr'><strong>Neapolitanum</strong></span> <span class='ocrx_word' id='word_1_128' title='bbox 411 1444 425 1490; x_wconf 69' lang='lat' dir='ltr'><strong>i</strong></span> <span class='ocrx_word' id='word_1_129' title='bbox 436 1457 505 1506; x_wconf 65' lang='lat' dir='ltr'><strong>matre</strong></span> <span class='ocrx_word' id='word_1_130' title='bbox 514 1434 659 1505; x_wconf 67' lang='lat' dir='ltr'><strong>tjrannossrni</strong></span> <span class='ocrx_word' id='word_1_131' title='bbox 666 1443 783 1508; x_wconf 57' lang='lat' dir='ltr'><strong>piffiderrss]</strong></span> <span class='ocrx_word' id='word_1_132' title='bbox 792 1446 828 1490; x_wconf 80' lang='lat' dir='ltr'><strong>Ita</strong></span> <span class='ocrx_word' id='word_1_133' title='bbox 837 1432 950 1505; x_wconf 56' lang='lat' dir='ltr'><strong>scriptum</strong></span> 
     </span>
     <span class='ocr_line' id='line_1_18' title="bbox 71 1494 949 1572; baseline -0.006 -17"><span class='ocrx_word' id='word_1_134' title='bbox 71 1501 208 1555; x_wconf 83' lang='lat' dir='ltr'><strong>invenimus</strong></span> <span class='ocrx_word' id='word_1_135' title='bbox 219 1507 244 1554; x_wconf 90' lang='lat' dir='ltr'><strong>in</strong></span> <span class='ocrx_word' id='word_1_136' title='bbox 255 1510 344 1556; x_wconf 75' lang='lat' dir='ltr'><strong>cunsiis</strong></span> <span class='ocrx_word' id='word_1_137' title='bbox 356 1507 518 1570; x_wconf 84' lang='lat' dir='ltr'><strong>manuscriptis</strong></span> <span class='ocrx_word' id='word_1_138' title='bbox 528 1506 690 1572; x_wconf 80' lang='lat' dir='ltr'><strong>impressisque</strong></span> <span class='ocrx_word' id='word_1_139' title='bbox 700 1494 827 1556; x_wconf 88' lang='lat' dir='ltr'><strong>codicibus.</strong></span> <span class='ocrx_word' id='word_1_140' title='bbox 845 1505 883 1552; x_wconf 85' lang='lat' dir='ltr'><strong>alii</strong></span> <span class='ocrx_word' id='word_1_141' title='bbox 895 1501 949 1552; x_wconf 74' lang='lat' dir='ltr'><strong>attic</strong></span> 
     </span>
     <span class='ocr_line' id='line_1_19' title="bbox 71 1566 947 1634; baseline -0.006 -15"><span class='ocrx_word' id='word_1_142' title='bbox 71 1568 153 1619; x_wconf 85' lang='lat' dir='ltr'><strong>modis</strong></span> <span class='ocrx_word' id='word_1_143' title='bbox 164 1572 279 1633; x_wconf 77' lang='lat' dir='ltr'><strong>corrigere</strong></span> <span class='ocrx_word' id='word_1_144' title='bbox 291 1583 418 1621; x_wconf 84' lang='lat' dir='ltr'><strong>tentarunt.</strong></span> <span class='ocrx_word' id='word_1_145' title='bbox 450 1576 559 1632; x_wconf 80' lang='lat' dir='ltr'><strong>Quorum</strong></span> <span class='ocrx_word' id='word_1_146' title='bbox 576 1573 703 1634; x_wconf 81' lang='lat' dir='ltr'><strong>opiniones</strong></span> <span class='ocrx_word' id='word_1_147' title='bbox 718 1570 759 1633; x_wconf 87' lang='lat' dir='ltr'><strong>qui</strong></span> <span class='ocrx_word' id='word_1_148' title='bbox 779 1567 834 1616; x_wconf 86' lang='lat' dir='ltr'><strong>scire</strong></span> <span class='ocrx_word' id='word_1_149' title='bbox 848 1566 947 1622; x_wconf 81' lang='lat' dir='ltr'><strong>volent,</strong></span> 
     </span>
     <span class='ocr_line' id='line_1_20' title="bbox 73 1629 950 1696; baseline 0.001 -19"><span class='ocrx_word' id='word_1_150' title='bbox 73 1629 163 1693; x_wconf 84' lang='lat' dir='ltr'><strong>habent</strong></span> <span class='ocrx_word' id='word_1_151' title='bbox 174 1631 213 1678; x_wconf 90' lang='lat' dir='ltr'><strong>ubi</strong></span> <span class='ocrx_word' id='word_1_152' title='bbox 224 1646 263 1679; x_wconf 87' lang='lat' dir='ltr'><strong>eas</strong></span> <span class='ocrx_word' id='word_1_153' title='bbox 274 1635 373 1696; x_wconf 82' lang='lat' dir='ltr'><strong>legant:</strong></span> <span class='ocrx_word' id='word_1_154' title='bbox 392 1648 436 1682; x_wconf 83' lang='lat' dir='ltr'><strong>nos</strong></span> <span class='ocrx_word' id='word_1_155' title='bbox 454 1633 584 1682; x_wconf 85' lang='lat' dir='ltr'><strong>videbimus</strong></span> <span class='ocrx_word' id='word_1_156' title='bbox 599 1649 630 1682; x_wconf 88' lang='lat' dir='ltr'><strong>an</strong></span> <span class='ocrx_word' id='word_1_157' title='bbox 653 1648 682 1682; x_wconf 89' lang='lat' dir='ltr'><strong>ex</strong></span> <span class='ocrx_word' id='word_1_158' title='bbox 698 1631 822 1682; x_wconf 88' lang='lat' dir='ltr'><strong>communi</strong></span> <span class='ocrx_word' id='word_1_159' title='bbox 843 1631 950 1679; x_wconf 63' lang='lat' dir='ltr'><strong>sectione</strong></span> 
     </span>
     <span class='ocr_line' id='line_1_21' title="bbox 73 1693 950 1758; baseline 0.001 -18"><span class='ocrx_word' id='word_1_160' title='bbox 73 1693 179 1756; x_wconf 86' lang='lat' dir='ltr'><strong>aliquid,</strong></span> <span class='ocrx_word' id='word_1_161' title='bbox 197 1694 263 1754; x_wconf 90' lang='lat' dir='ltr'><strong>quod</strong></span> <span class='ocrx_word' id='word_1_162' title='bbox 279 1711 329 1744; x_wconf 91' lang='lat' dir='ltr'><strong>non</strong></span> <span class='ocrx_word' id='word_1_163' title='bbox 344 1697 548 1745; x_wconf 85' lang='lat' dir='ltr'><strong>contemnendum</strong></span> <span class='ocrx_word' id='word_1_164' title='bbox 563 1695 610 1752; x_wconf 90' lang='lat' dir='ltr'><strong>srt,</strong></span> <span class='ocrx_word' id='word_1_165' title='bbox 627 1697 680 1745; x_wconf 87' lang='lat' dir='ltr'><strong>elici</strong></span> <span class='ocrx_word' id='word_1_166' title='bbox 694 1696 773 1758; x_wconf 85' lang='lat' dir='ltr'><strong>poffir.</strong></span> <span class='ocrx_word' id='word_1_167' title='bbox 806 1694 950 1757; x_wconf 82' lang='lat' dir='ltr'><strong>Neapolita-</strong></span> 
     </span>
     <span class='ocr_line' id='line_1_22' title="bbox 75 1754 950 1822; baseline 0.003 -20"><span class='ocrx_word' id='word_1_168' title='bbox 75 1770 136 1802; x_wconf 88' lang='lat' dir='ltr'><strong>num</strong></span> <span class='ocrx_word' id='word_1_169' title='bbox 151 1755 228 1817; x_wconf 77' lang='lat' dir='ltr'><strong>predii</strong></span> <span class='ocrx_word' id='word_1_170' title='bbox 239 1773 329 1805; x_wconf 89' lang='lat' dir='ltr'><strong>nomen</strong></span> <span class='ocrx_word' id='word_1_171' title='bbox 340 1773 365 1807; x_wconf 90' lang='lat' dir='ltr'><strong>ut</strong></span> <span class='ocrx_word' id='word_1_172' title='bbox 378 1763 514 1807; x_wconf 88' lang='lat' dir='ltr'><strong>Cumanum</strong></span> <span class='ocrx_word' id='word_1_173' title='bbox 527 1762 552 1807; x_wconf 81' lang='lat' dir='ltr'><strong>bc</strong></span> <span class='ocrx_word' id='word_1_174' title='bbox 564 1761 665 1822; x_wconf 82' lang='lat' dir='ltr'><strong>Arpinas</strong></span> <span class='ocrx_word' id='word_1_175' title='bbox 675 1759 713 1807; x_wconf 88' lang='lat' dir='ltr'><strong>bic</strong></span> <span class='ocrx_word' id='word_1_176' title='bbox 723 1757 769 1809; x_wconf 85' lang='lat' dir='ltr'><strong>esse</strong></span> <span class='ocrx_word' id='word_1_177' title='bbox 778 1754 950 1812; x_wconf 75' lang='lat' dir='ltr'><strong>existimamus,</strong></span> 
     </span>
     <span class='ocr_line' id='line_1_23' title="bbox 75 1818 951 1897; baseline 0.003 -33"><span class='ocrx_word' id='word_1_178' title='bbox 75 1818 144 1880; x_wconf 81' lang='lat' dir='ltr'><strong>quod</strong></span> <span class='ocrx_word' id='word_1_179' title='bbox 156 1822 181 1867; x_wconf 92' lang='lat' dir='ltr'><strong>in</strong></span> <span class='ocrx_word' id='word_1_180' title='bbox 192 1833 250 1897; x_wconf 66' lang='lat' dir='ltr'><strong>agro</strong></span> <span class='ocrx_word' id='word_1_181' title='bbox 262 1822 426 1884; x_wconf 86' lang='lat' dir='ltr'><strong>Neapolitano</strong></span> <span class='ocrx_word' id='word_1_182' title='bbox 441 1821 516 1877; x_wconf 86' lang='lat' dir='ltr'><strong>esset,</strong></span> <span class='ocrx_word' id='word_1_183' title='bbox 531 1822 565 1869; x_wconf 83' lang='lat' dir='ltr'><strong>ita</strong></span> <span class='ocrx_word' id='word_1_184' title='bbox 578 1822 731 1885; x_wconf 77' lang='lat' dir='ltr'><strong>appeliatum.</strong></span> <span class='ocrx_word' id='word_1_185' title='bbox 764 1820 848 1870; x_wconf 86' lang='lat' dir='ltr'><strong>Cicero</strong></span> <span class='ocrx_word' id='word_1_186' title='bbox 863 1820 889 1871; x_wconf 82' lang='lat' dir='ltr'><strong>iu</strong></span> <span class='ocrx_word' id='word_1_187' title='bbox 902 1824 951 1868; x_wconf 85' lang='lat' dir='ltr'><strong>Lu·</strong></span> 
     </span>
     <span class='ocr_line' id='line_1_24' title="bbox 73 1882 951 1948; baseline 0.001 -20"><span class='ocrx_word' id='word_1_188' title='bbox 73 1883 155 1931; x_wconf 71' lang='lat' dir='ltr'><strong>tullo:</strong></span> <span class='ocrx_word' id='word_1_189' title='bbox 172 1884 222 1947; x_wconf 78' lang='lat' dir='ltr'><strong>Qu</strong></span> <span class='ocrx_word' id='word_1_190' title='bbox 234 1887 321 1948; x_wconf 83' lang='lat' dir='ltr'><strong>quidem</strong></span> <span class='ocrx_word' id='word_1_191' title='bbox 332 1889 397 1931; x_wconf 81' lang='lat' dir='ltr'><strong>etiam</strong></span> <span class='ocrx_word' id='word_1_192' title='bbox 409 1888 517 1932; x_wconf 76' lang='lat' dir='ltr'><strong>maturius</strong></span> <span class='ocrx_word' id='word_1_193' title='bbox 533 1888 650 1940; x_wconf 77' lang='lat' dir='ltr'><strong>venimus,</strong></span> <span class='ocrx_word' id='word_1_194' title='bbox 669 1885 725 1948; x_wconf 76' lang='lat' dir='ltr'><strong>quid</strong></span> <span class='ocrx_word' id='word_1_195' title='bbox 741 1897 786 1930; x_wconf 84' lang='lat' dir='ltr'><strong>erat</strong></span> <span class='ocrx_word' id='word_1_196' title='bbox 802 1882 951 1940; x_wconf 73' lang='lat' dir='ltr'><strong>constitutum,</strong></span> 
     </span>
     <span class='ocr_line' id='line_1_25' title="bbox 68 1945 953 2009; baseline 0.001 -17"><span class='ocrx_word' id='word_1_197' title='bbox 68 1945 92 2004; x_wconf 85' lang='lat' dir='ltr'><em>fi</em></span> <span class='ocrx_word' id='word_1_198' title='bbox 107 1959 183 1992; x_wconf 82' lang='lat' dir='ltr'><strong>ventus</strong></span> <span class='ocrx_word' id='word_1_199' title='bbox 197 1947 256 2007; x_wconf 76' lang='lat' dir='ltr'><strong>effer,</strong></span> <span class='ocrx_word' id='word_1_200' title='bbox 274 1951 364 1994; x_wconf 81' lang='lat' dir='ltr'><strong>Lucullo</strong></span> <span class='ocrx_word' id='word_1_201' title='bbox 377 1952 400 1995; x_wconf 81' lang='lat' dir='ltr'><strong>in</strong></span> <span class='ocrx_word' id='word_1_202' title='bbox 410 1949 593 2009; x_wconf 64' lang='lat' dir='ltr'><strong>Neapolitanum,</strong></span> <span class='ocrx_word' id='word_1_203' title='bbox 612 1950 669 1993; x_wconf 82' lang='lat' dir='ltr'><strong>mihi</strong></span> <span class='ocrx_word' id='word_1_204' title='bbox 683 1951 707 1993; x_wconf 81' lang='lat' dir='ltr'><strong>in</strong></span> <span class='ocrx_word' id='word_1_205' title='bbox 723 1948 953 2009; x_wconf 19' lang='lat' dir='ltr'><strong>Plompejrtnum&#39;artata‘-¹</strong></span> 
     </span>
     <span class='ocr_line' id='line_1_26' title="bbox 68 2001 952 2074; baseline 0.003 -21"><span class='ocrx_word' id='word_1_206' title='bbox 68 2024 131 2071; x_wconf 76' lang='lat' dir='ltr'><strong>gare.</strong></span> <span class='ocrx_word' id='word_1_207' title='bbox 165 2013 270 2059; x_wconf 87' lang='lat' dir='ltr'><strong>Matrem</strong></span> <span class='ocrx_word' id='word_1_208' title='bbox 283 2010 463 2074; x_wconf 75' lang='lat' dir='ltr'><strong>Tyrannosioni</strong></span> <span class='ocrx_word' id='word_1_209' title='bbox 474 2009 595 2058; x_wconf 82' lang='lat' dir='ltr'><strong>Serviliam</strong></span> <span class='ocrx_word' id='word_1_210' title='bbox 606 2009 770 2074; x_wconf 78' lang='lat' dir='ltr'><strong>intelligimus.</strong></span> <span class='ocrx_word' id='word_1_211' title='bbox 796 2001 952 2069; x_wconf 78' lang='lat' dir='ltr'><strong>Adbucoibii</strong></span> 
     </span>
     <span class='ocr_line' id='line_1_27' title="bbox 74 2062 954 2143; baseline 0 -24"><span class='ocrx_word' id='word_1_212' title='bbox 74 2071 119 2120; x_wconf 88' lang='lat' dir='ltr'><strong>nisi</strong></span> <span class='ocrx_word' id='word_1_213' title='bbox 133 2073 232 2136; x_wconf 87' lang='lat' dir='ltr'><strong>planum</strong></span> <span class='ocrx_word' id='word_1_214' title='bbox 241 2074 332 2125; x_wconf 68' lang='lat' dir='ltr'><strong>dictum</strong></span> <span class='ocrx_word' id='word_1_215' title='bbox 345 2088 422 2139; x_wconf 89' lang='lat' dir='ltr'><strong>puto:</strong></span> <span class='ocrx_word' id='word_1_216' title='bbox 439 2087 501 2121; x_wconf 90' lang='lat' dir='ltr'><strong>nunc</strong></span> <span class='ocrx_word' id='word_1_217' title='bbox 512 2086 564 2143; x_wconf 83' lang='lat' dir='ltr'><strong>quae</strong></span> <span class='ocrx_word' id='word_1_218' title='bbox 591 2062 694 2121; x_wconf 79' lang='lat' dir='ltr'><strong>roseram</strong></span> <span class='ocrx_word' id='word_1_219' title='bbox 705 2074 783 2120; x_wconf 88' lang='lat' dir='ltr'><strong>minus</strong></span> <span class='ocrx_word' id='word_1_220' title='bbox 799 2066 954 2119; x_wconf 76' lang='lat' dir='ltr'><strong>asseveranter</strong></span> 
     </span>
     <span class='ocr_line' id='line_1_28' title="bbox 74 2088 954 2201; baseline 0.001 -19"><span class='ocrx_word' id='word_1_221' title='bbox 74 2137 247 2198; x_wconf 78' lang='lat' dir='ltr'><strong>pronunciabo.</strong></span> <span class='ocrx_word' id='word_1_222' title='bbox 281 2142 346 2185; x_wconf 80' lang='lat' dir='ltr'><strong>Ponti</strong></span> <span class='ocrx_word' id='word_1_223' title='bbox 355 2173 363 2195; x_wconf 93' lang='lat'><strong>,</strong></span> <span class='ocrx_word' id='word_1_224' title='bbox 379 2137 467 2201; x_wconf 88' lang='lat' dir='ltr'><strong>patrius</strong></span> <span class='ocrx_word' id='word_1_225' title='bbox 484 2140 548 2184; x_wconf 84' lang='lat' dir='ltr'><strong>casus</strong></span> <span class='ocrx_word' id='word_1_226' title='bbox 564 2088 610 2184; x_wconf 62' lang='lat' dir='ltr'><strong>obse</strong></span> <span class='ocrx_word' id='word_1_227' title='bbox 627 2134 730 2198; x_wconf 69' lang='lat' dir='ltr'><strong>potestis</strong></span> <span class='ocrx_word' id='word_1_228' title='bbox 746 2134 841 2198; x_wconf 88' lang='lat' dir='ltr'><strong>proptio</strong></span> <span class='ocrx_word' id='word_1_229' title='bbox 853 2134 954 2183; x_wconf 80' lang='lat' dir='ltr'><strong>nornine</strong></span> 
     </span>
     <span class='ocr_line' id='line_1_29' title="bbox 76 2196 954 2264; baseline -0.001 -20"><span class='ocrx_word' id='word_1_230' title='bbox 76 2202 179 2255; x_wconf 78' lang='lat' dir='ltr'><strong>Pontius,</strong></span> <span class='ocrx_word' id='word_1_231' title='bbox 197 2201 229 2246; x_wconf 88' lang='lat' dir='ltr'><strong>ita</strong></span> <span class='ocrx_word' id='word_1_232' title='bbox 240 2202 303 2250; x_wconf 91' lang='lat' dir='ltr'><strong>enim</strong></span> <span class='ocrx_word' id='word_1_233' title='bbox 314 2201 365 2250; x_wconf 68' lang='lat' dir='ltr'><strong>ser‘e</strong></span> <span class='ocrx_word' id='word_1_234' title='bbox 375 2203 401 2249; x_wconf 89' lang='lat' dir='ltr'><strong>in</strong></span> <span class='ocrx_word' id='word_1_235' title='bbox 413 2197 491 2264; x_wconf 80' lang='lat' dir='ltr'><strong>priscis</strong></span> <span class='ocrx_word' id='word_1_236' title='bbox 503 2199 664 2259; x_wconf 83' lang='lat' dir='ltr'><strong>monimentis</strong></span> <span class='ocrx_word' id='word_1_237' title='bbox 673 2199 711 2247; x_wconf 87' lang='lat' dir='ltr'><strong>hic</strong></span> <span class='ocrx_word' id='word_1_238' title='bbox 721 2201 786 2245; x_wconf 87' lang='lat' dir='ltr'><strong>casus</strong></span> <span class='ocrx_word' id='word_1_239' title='bbox 802 2196 954 2253; x_wconf 86' lang='lat' dir='ltr'><strong>hujuscemo-</strong></span> 
     </span>
     <span class='ocr_line' id='line_1_30' title="bbox 75 2258 986 2326; baseline 0 -19"><span class='ocrx_word' id='word_1_240' title='bbox 75 2258 102 2308; x_wconf 95' lang='lat' dir='ltr'><strong>di</strong></span> <span class='ocrx_word' id='word_1_241' title='bbox 114 2265 240 2310; x_wconf 83' lang='lat' dir='ltr'><strong>nominum</strong></span> <span class='ocrx_word' id='word_1_242' title='bbox 251 2264 366 2320; x_wconf 89' lang='lat' dir='ltr'><strong>scribitur,</strong></span> <span class='ocrx_word' id='word_1_243' title='bbox 383 2277 408 2312; x_wconf 91' lang='lat' dir='ltr'><strong>ut</strong></span> <span class='ocrx_word' id='word_1_244' title='bbox 421 2262 453 2312; x_wconf 91' lang='lat' dir='ltr'><strong>est</strong></span> <span class='ocrx_word' id='word_1_245' title='bbox 465 2263 538 2311; x_wconf 84' lang='lat' dir='ltr'><strong>etiam</strong></span> <span class='ocrx_word' id='word_1_246' title='bbox 549 2263 612 2326; x_wconf 88' lang='lat' dir='ltr'><strong>apud</strong></span> <span class='ocrx_word' id='word_1_247' title='bbox 622 2262 759 2323; x_wconf 79' lang='lat' dir='ltr'><strong>Martialem</strong></span> <span class='ocrx_word' id='word_1_248' title='bbox 773 2278 780 2309; x_wconf 89' lang='lat'>:</span> <span class='ocrx_word' id='word_1_249' title='bbox 797 2260 866 2324; x_wconf 63' lang='lat' dir='ltr'><strong>Qud</strong></span> <span class='ocrx_word' id='word_1_250' title='bbox 880 2263 953 2307; x_wconf 75' lang='lat' dir='ltr'><strong>vomit</strong></span> <span class='ocrx_word' id='word_1_251' title='bbox 984 2280 986 2287; x_wconf 94' lang='lat'>·</span> 
     </span>
     <span class='ocr_line' id='line_1_31' title="bbox 78 2320 975 2380; baseline -0.001 -7"><span class='ocrx_word' id='word_1_252' title='bbox 78 2330 182 2380; x_wconf 57' lang='lat' dir='ltr'><strong>Anioni,</strong></span> <span class='ocrx_word' id='word_1_253' title='bbox 199 2327 224 2376; x_wconf 73' lang='lat' dir='ltr'><strong>dr</strong></span> <span class='ocrx_word' id='word_1_254' title='bbox 235 2341 308 2377; x_wconf 76' lang='lat' dir='ltr'><strong>cetera.</strong></span> <span class='ocrx_word' id='word_1_255' title='bbox 341 2329 393 2376; x_wconf 77' lang='lat' dir='ltr'><strong>Fuit</strong></span> <span class='ocrx_word' id='word_1_256' title='bbox 406 2340 485 2376; x_wconf 88' lang='lat' dir='ltr'><strong>autem</strong></span> <span class='ocrx_word' id='word_1_257' title='bbox 497 2327 592 2374; x_wconf 81' lang='lat' dir='ltr'><strong>Pontius</strong></span> <span class='ocrx_word' id='word_1_258' title='bbox 604 2333 624 2374; x_wconf 83' lang='lat' dir='ltr'>A</span> <span class='ocrx_word' id='word_1_259' title='bbox 645 2320 693 2374; x_wconf 87' lang='lat' dir='ltr'><strong>uisa</strong></span> <span class='ocrx_word' id='word_1_260' title='bbox 706 2327 767 2375; x_wconf 81' lang='lat' dir='ltr'><strong>inter</strong></span> <span class='ocrx_word' id='word_1_261' title='bbox 783 2323 879 2372; x_wconf 78' lang='lat' dir='ltr'><strong>Caesaris</strong></span> <span class='ocrx_word' id='word_1_262' title='bbox 893 2336 954 2372; x_wconf 88' lang='lat' dir='ltr'><strong>cort·</strong></span> <span class='ocrx_word' id='word_1_263' title='bbox 973 2360 975 2365; x_wconf 88' lang='lat'><em>.</em></span> 
     </span>
     <span class='ocr_line' id='line_1_32' title="bbox 76 2340 956 2455; baseline 0.001 -21"><span class='ocrx_word' id='word_1_264' title='bbox 76 2387 185 2446; x_wconf 77' lang='lat' dir='ltr'><strong>juratos,</strong></span> <span class='ocrx_word' id='word_1_265' title='bbox 202 2390 242 2450; x_wconf 87' lang='lat' dir='ltr'><strong>qui</strong></span> <span class='ocrx_word' id='word_1_266' title='bbox 254 2391 333 2452; x_wconf 87' lang='lat' dir='ltr'><strong>postea</strong></span> <span class='ocrx_word' id='word_1_267' title='bbox 346 2389 474 2438; x_wconf 73' lang='lat' dir='ltr'><strong>Mutinensi</strong></span> <span class='ocrx_word' id='word_1_268' title='bbox 486 2388 566 2453; x_wconf 72' lang='lat' dir='ltr'><strong>prasio</strong></span> <span class='ocrx_word' id='word_1_269' title='bbox 577 2340 661 2437; x_wconf 81' lang='lat' dir='ltr'><strong>cecidit</strong></span> <span class='ocrx_word' id='word_1_270' title='bbox 671 2423 682 2455; x_wconf 33' lang='grc' dir='ltr'><strong>,Ι</strong></span> <span class='ocrx_word' id='word_1_271' title='bbox 695 2385 720 2437; x_wconf 73' lang='lat' dir='ltr'><strong>ui</strong></span> <span class='ocrx_word' id='word_1_272' title='bbox 735 2386 767 2436; x_wconf 87' lang='lat' dir='ltr'><strong>est</strong></span> <span class='ocrx_word' id='word_1_273' title='bbox 782 2387 855 2435; x_wconf 85' lang='lat' dir='ltr'><strong>etiam</strong></span> <span class='ocrx_word' id='word_1_274' title='bbox 867 2387 892 2433; x_wconf 90' lang='lat' dir='ltr'><strong>in</strong></span> <span class='ocrx_word' id='word_1_275' title='bbox 901 2386 956 2450; x_wconf 84' lang='lat' dir='ltr'><strong>epi-</strong></span> 
     </span>
     <span class='ocr_line' id='line_1_33' title="bbox 78 2440 954 2516; baseline 0.003 -20"><span class='ocrx_word' id='word_1_276' title='bbox 78 2449 141 2497; x_wconf 85' lang='lat' dir='ltr'><strong>siosa</strong></span> <span class='ocrx_word' id='word_1_277' title='bbox 153 2451 256 2512; x_wconf 86' lang='lat' dir='ltr'><strong>quadam</strong></span> <span class='ocrx_word' id='word_1_278' title='bbox 267 2453 388 2503; x_wconf 80' lang='lat' dir='ltr'><strong>Pollionis.</strong></span> <span class='ocrx_word' id='word_1_279' title='bbox 422 2455 457 2501; x_wconf 92' lang='lat' dir='ltr'><strong>lbi</strong></span> <span class='ocrx_word' id='word_1_280' title='bbox 469 2455 572 2502; x_wconf 81' lang='lat' dir='ltr'><strong>Hirtium</strong></span> <span class='ocrx_word' id='word_1_281' title='bbox 583 2467 681 2516; x_wconf 86' lang='lat' dir='ltr'><strong>quoque</strong></span> <span class='ocrx_word' id='word_1_282' title='bbox 696 2440 788 2516; x_wconf 78' lang='lat' dir='ltr'><strong>periisse</strong></span> <span class='ocrx_word' id='word_1_283' title='bbox 804 2448 830 2498; x_wconf 78' lang='lat' dir='ltr'><strong>dc</strong></span> <span class='ocrx_word' id='word_1_284' title='bbox 842 2451 954 2499; x_wconf 75' lang='lat' dir='ltr'><strong>rontium</strong></span> 
     </span>
     <span class='ocr_line' id='line_1_34' title="bbox 77 2510 954 2580; baseline 0.001 -21"><span class='ocrx_word' id='word_1_285' title='bbox 77 2513 194 2576; x_wconf 78' lang='lat' dir='ltr'><strong>¹Aquilam</strong></span> <span class='ocrx_word' id='word_1_286' title='bbox 205 2550 211 2570; x_wconf 96' lang='lat'><strong>,</strong></span> <span class='ocrx_word' id='word_1_287' title='bbox 228 2529 253 2563; x_wconf 91' lang='lat' dir='ltr'><strong>ut</strong></span> <span class='ocrx_word' id='word_1_288' title='bbox 264 2516 330 2573; x_wconf 75' lang='lat' dir='ltr'><strong>hujus</strong></span> <span class='ocrx_word' id='word_1_289' title='bbox 343 2513 439 2565; x_wconf 81' lang='lat' dir='ltr'><strong>fortasse</strong></span> <span class='ocrx_word' id='word_1_290' title='bbox 449 2516 496 2564; x_wconf 89' lang='lat' dir='ltr'><strong>hoc</strong></span> <span class='ocrx_word' id='word_1_291' title='bbox 506 2515 618 2578; x_wconf 84' lang='lat' dir='ltr'><strong>praedium</strong></span> <span class='ocrx_word' id='word_1_292' title='bbox 628 2514 723 2564; x_wconf 70' lang='lat' dir='ltr'><strong>Caesaris</strong></span> <span class='ocrx_word' id='word_1_293' title='bbox 739 2512 808 2561; x_wconf 70' lang='lat' dir='ltr'><strong>hastae</strong></span> <span class='ocrx_word' id='word_1_294' title='bbox 825 2510 954 2580; x_wconf 74' lang='lat' dir='ltr'><strong>subjeiium</strong></span> 
     </span>
     <span class='ocr_line' id='line_1_35' title="bbox 77 2574 955 2642; baseline -0.005 -16"><span class='ocrx_word' id='word_1_295' title='bbox 77 2575 121 2632; x_wconf 88' lang='lat' dir='ltr'><strong>stt,</strong></span> <span class='ocrx_word' id='word_1_296' title='bbox 139 2576 204 2637; x_wconf 87' lang='lat' dir='ltr'><strong>quod</strong></span> <span class='ocrx_word' id='word_1_297' title='bbox 215 2578 255 2629; x_wconf 86' lang='lat' dir='ltr'><strong>ille</strong></span> <span class='ocrx_word' id='word_1_298' title='bbox 267 2580 367 2628; x_wconf 79' lang='lat' dir='ltr'><strong>Serviliae</strong></span> <span class='ocrx_word' id='word_1_299' title='bbox 377 2581 448 2627; x_wconf 88' lang='lat' dir='ltr'><strong>matri</strong></span> <span class='ocrx_word' id='word_1_300' title='bbox 460 2581 523 2627; x_wconf 82' lang='lat' dir='ltr'><strong>Bruti</strong></span> <span class='ocrx_word' id='word_1_301' title='bbox 532 2579 622 2627; x_wconf 91' lang='lat' dir='ltr'><strong>dederit</strong></span> <span class='ocrx_word' id='word_1_302' title='bbox 636 2596 641 2626; x_wconf 87' lang='lat'>:</span> <span class='ocrx_word' id='word_1_303' title='bbox 659 2579 696 2642; x_wconf 84' lang='lat' dir='ltr'><strong>cui</strong></span> <span class='ocrx_word' id='word_1_304' title='bbox 712 2574 857 2639; x_wconf 81' lang='lat' dir='ltr'><strong>amplissima</strong></span> <span class='ocrx_word' id='word_1_305' title='bbox 869 2575 955 2637; x_wconf 63' lang='lat' dir='ltr'><strong>pradia</strong></span> 
     </span>
     <span class='ocr_line' id='line_1_36' title="bbox 76 2637 954 2701; baseline 0 -13"><span class='ocrx_word' id='word_1_306' title='bbox 76 2655 108 2688; x_wconf 83' lang='lat' dir='ltr'><strong>ert</strong></span> <span class='ocrx_word' id='word_1_307' title='bbox 124 2640 271 2688; x_wconf 71' lang='lat' dir='ltr'><strong>aditionibus</strong></span> <span class='ocrx_word' id='word_1_308' title='bbox 283 2641 350 2700; x_wconf 60' lang='lat' dir='ltr'><strong>haste</strong></span> <span class='ocrx_word' id='word_1_309' title='bbox 362 2656 464 2689; x_wconf 88' lang='lat' dir='ltr'><strong>nummo</strong></span> <span class='ocrx_word' id='word_1_310' title='bbox 482 2640 591 2697; x_wconf 83' lang='lat' dir='ltr'><strong>addixit,</strong></span> <span class='ocrx_word' id='word_1_311' title='bbox 611 2644 636 2690; x_wconf 83' lang='lat' dir='ltr'><strong>ui</strong></span> <span class='ocrx_word' id='word_1_312' title='bbox 654 2640 777 2701; x_wconf 79' lang='lat' dir='ltr'><strong>Suetonius</strong></span> <span class='ocrx_word' id='word_1_313' title='bbox 794 2637 909 2687; x_wconf 81' lang='lat' dir='ltr'><strong>tradidit:</strong></span> <span class='ocrx_word' id='word_1_314' title='bbox 926 2652 954 2688; x_wconf 72' lang='lat' dir='ltr'><strong>tt</strong></span> 
     </span>
     <span class='ocr_line' id='line_1_37' title="bbox 79 2700 955 2758; baseline 0.002 -8"><span class='ocrx_word' id='word_1_315' title='bbox 79 2704 223 2751; x_wconf 56' lang='lat' dir='ltr'><strong>interturria</strong></span> <span class='ocrx_word' id='word_1_316' title='bbox 234 2720 296 2752; x_wconf 90' lang='lat' dir='ltr'><strong>nune</strong></span> <span class='ocrx_word' id='word_1_317' title='bbox 306 2708 331 2752; x_wconf 74' lang='lat' dir='ltr'><strong>dc</strong></span> <span class='ocrx_word' id='word_1_318' title='bbox 343 2703 507 2753; x_wconf 67' lang='lat' dir='ltr'><strong>subabsurdum</strong></span> <span class='ocrx_word' id='word_1_319' title='bbox 518 2704 624 2753; x_wconf 84' lang='lat' dir='ltr'><strong>videatur</strong></span> <span class='ocrx_word' id='word_1_320' title='bbox 635 2704 760 2758; x_wconf 89' lang='lat' dir='ltr'><strong>Ciceroni,</strong></span> <span class='ocrx_word' id='word_1_321' title='bbox 774 2705 838 2751; x_wconf 90' lang='lat' dir='ltr'><strong>Bruti</strong></span> <span class='ocrx_word' id='word_1_322' title='bbox 850 2700 955 2752; x_wconf 64' lang='lat' dir='ltr'><strong>matrem‘</strong></span> 
     </span>
     <span class='ocr_line' id='line_1_38' title="bbox 77 2761 957 2877; baseline 0.006 -65"><span class='ocrx_word' id='word_1_323' title='bbox 77 2764 164 2877; x_wconf 63' lang='lat' dir='ltr'><strong>Eraedia</strong></span> <span class='ocrx_word' id='word_1_324' title='bbox 175 2767 224 2825; x_wconf 84' lang='lat' dir='ltr'><strong>ejus</strong></span> <span class='ocrx_word' id='word_1_325' title='bbox 236 2766 363 2831; x_wconf 79' lang='lat' dir='ltr'><strong>possidere,</strong></span> <span class='ocrx_word' id='word_1_326' title='bbox 379 2783 451 2831; x_wconf 88' lang='lat' dir='ltr'><strong>quem</strong></span> <span class='ocrx_word' id='word_1_327' title='bbox 469 2767 531 2816; x_wconf 82' lang='lat' dir='ltr'><strong>filius</strong></span> <span class='ocrx_word' id='word_1_328' title='bbox 548 2768 650 2831; x_wconf 72' lang='lat' dir='ltr'><strong>praeclari</strong></span> <span class='ocrx_word' id='word_1_329' title='bbox 665 2767 728 2814; x_wconf 85' lang='lat' dir='ltr'><strong>illius</strong></span> <span class='ocrx_word' id='word_1_330' title='bbox 744 2761 855 2815; x_wconf 84' lang='lat' dir='ltr'><strong>facinoris</strong></span> <span class='ocrx_word' id='word_1_331' title='bbox 867 2764 957 2817; x_wconf 79' lang='lat' dir='ltr'><strong>socium</strong></span> 
     </span>
     <span class='ocr_line' id='line_1_39' title="bbox 83 2827 957 2893; baseline 0.001 -17"><span class='ocrx_word' id='word_1_332' title='bbox 83 2827 193 2893; x_wconf 79' lang='lat' dir='ltr'><strong>abuerit.</strong></span> <span class='ocrx_word' id='word_1_333' title='bbox 228 2834 279 2876; x_wconf 82' lang='lat' dir='ltr'><strong>Hoc</strong></span> <span class='ocrx_word' id='word_1_334' title='bbox 294 2845 337 2877; x_wconf 85' lang='lat' dir='ltr'><strong>nos</strong></span> <span class='ocrx_word' id='word_1_335' title='bbox 349 2831 484 2890; x_wconf 58' lang='lat' dir='ltr'><strong>consessura</strong></span> <span class='ocrx_word' id='word_1_336' title='bbox 495 2834 519 2879; x_wconf 80' lang='lat' dir='ltr'><strong>dt</strong></span> <span class='ocrx_word' id='word_1_337' title='bbox 532 2829 609 2879; x_wconf 85' lang='lat' dir='ltr'><strong>sensus</strong></span> <span class='ocrx_word' id='word_1_338' title='bbox 619 2828 775 2878; x_wconf 78' lang='lat' dir='ltr'><strong>nosterduxit</strong></span> <span class='ocrx_word' id='word_1_339' title='bbox 789 2864 794 2883; x_wconf 86' lang='lat'><strong>,</strong></span> <span class='ocrx_word' id='word_1_340' title='bbox 812 2828 869 2877; x_wconf 90' lang='lat' dir='ltr'><strong>dum</strong></span> <span class='ocrx_word' id='word_1_341' title='bbox 886 2829 957 2877; x_wconf 85' lang='lat' dir='ltr'><strong>voiu-</strong></span> 
     </span>
     <span class='ocr_line' id='line_1_40' title="bbox 76 2891 958 2949; baseline -0.001 -8"><span class='ocrx_word' id='word_1_342' title='bbox 76 2908 131 2941; x_wconf 80' lang='lat' dir='ltr'><strong>mus</strong></span> <span class='ocrx_word' id='word_1_343' title='bbox 143 2893 248 2940; x_wconf 81' lang='lat' dir='ltr'><strong>maxime</strong></span> <span class='ocrx_word' id='word_1_344' title='bbox 260 2908 414 2941; x_wconf 88' lang='lat' dir='ltr'><strong>conrmunem</strong></span> <span class='ocrx_word' id='word_1_345' title='bbox 425 2893 554 2941; x_wconf 76' lang='lat' dir='ltr'><strong>lediionem</strong></span> <span class='ocrx_word' id='word_1_346' title='bbox 566 2894 637 2947; x_wconf 89' lang='lat' dir='ltr'><strong>tueri,</strong></span> <span class='ocrx_word' id='word_1_347' title='bbox 646 2895 670 2941; x_wconf 76' lang='grc' dir='ltr'><strong>δι</strong></span> <span class='ocrx_word' id='word_1_348' title='bbox 682 2892 738 2939; x_wconf 89' lang='lat' dir='ltr'><strong>loco</strong></span> <span class='ocrx_word' id='word_1_349' title='bbox 749 2891 790 2939; x_wconf 92' lang='lat' dir='ltr'><strong>suo</strong></span> <span class='ocrx_word' id='word_1_350' title='bbox 802 2892 892 2940; x_wconf 89' lang='lat' dir='ltr'><strong>moveri</strong></span> <span class='ocrx_word' id='word_1_351' title='bbox 905 2908 958 2949; x_wconf 68' lang='lat' dir='ltr'><strong>non</strong></span> 
     </span>
     <span class='ocr_line' id='line_1_41' title="bbox 75 2954 956 3019; baseline 0 -15"><span class='ocrx_word' id='word_1_352' title='bbox 75 2958 134 3019; x_wconf 87' lang='lat' dir='ltr'><strong>pati.</strong></span> <span class='ocrx_word' id='word_1_353' title='bbox 152 2969 176 3003; x_wconf 91' lang='lat' dir='ltr'><strong>ut</strong></span> <span class='ocrx_word' id='word_1_354' title='bbox 189 2968 269 3003; x_wconf 88' lang='lat' dir='ltr'><strong>autem</strong></span> <span class='ocrx_word' id='word_1_355' title='bbox 285 2972 338 3004; x_wconf 86' lang='lat' dir='ltr'><strong>earn</strong></span> <span class='ocrx_word' id='word_1_356' title='bbox 356 2972 406 3005; x_wconf 87' lang='lat' dir='ltr'><strong>nou</strong></span> <span class='ocrx_word' id='word_1_357' title='bbox 421 2954 539 3019; x_wconf 85' lang='lat' dir='ltr'><strong>affirmate</strong></span> <span class='ocrx_word' id='word_1_358' title='bbox 556 2958 580 3005; x_wconf 90' lang='lat'>&amp;</span> <span class='ocrx_word' id='word_1_359' title='bbox 598 2956 769 3003; x_wconf 86' lang='lat' dir='ltr'><strong>contumaciter</strong></span> <span class='ocrx_word' id='word_1_360' title='bbox 786 2954 956 3004; x_wconf 77' lang='lat' dir='ltr'><strong>defendimus:</strong></span> 
     </span>
     <span class='ocr_line' id='line_1_42' title="bbox 76 3015 958 3085; baseline -0.001 -18"><span class='ocrx_word' id='word_1_361' title='bbox 76 3018 109 3067; x_wconf 89' lang='lat' dir='ltr'><strong>sic</strong></span> <span class='ocrx_word' id='word_1_362' title='bbox 122 3034 167 3082; x_wconf 76' lang='lat' dir='ltr'><strong>pru</strong></span> <span class='ocrx_word' id='word_1_363' title='bbox 182 3020 241 3073; x_wconf 74' lang='lat' dir='ltr'><strong>adiit,</strong></span> <span class='ocrx_word' id='word_1_364' title='bbox 252 3032 304 3078; x_wconf 83' lang='lat' dir='ltr'><strong>quae</strong></span> <span class='ocrx_word' id='word_1_365' title='bbox 314 3019 391 3067; x_wconf 86' lang='lat' dir='ltr'><strong>adhue</strong></span> <span class='ocrx_word' id='word_1_366' title='bbox 401 3018 498 3082; x_wconf 81' lang='lat' dir='ltr'><strong>prolatae</strong></span> <span class='ocrx_word' id='word_1_367' title='bbox 509 3018 575 3074; x_wconf 90' lang='lat' dir='ltr'><strong>sunt,</strong></span> <span class='ocrx_word' id='word_1_368' title='bbox 597 3033 647 3064; x_wconf 88' lang='lat' dir='ltr'><strong>non</strong></span> <span class='ocrx_word' id='word_1_369' title='bbox 665 3016 820 3080; x_wconf 81' lang='lat' dir='ltr'><strong>spernendam</strong></span> <span class='ocrx_word' id='word_1_370' title='bbox 834 3015 880 3065; x_wconf 88' lang='lat' dir='ltr'><strong>esse</strong></span> <span class='ocrx_word' id='word_1_371' title='bbox 898 3033 958 3085; x_wconf 66' lang='lat' dir='ltr'><strong>con·</strong></span> 
     </span>
     <span class='ocr_line' id='line_1_43' title="bbox 75 3082 958 3145; baseline -0.006 -14"><span class='ocrx_word' id='word_1_372' title='bbox 75 3083 205 3131; x_wconf 84' lang='lat' dir='ltr'><strong>tendimus,</strong></span> <span class='ocrx_word' id='word_1_373' title='bbox 226 3085 303 3132; x_wconf 79' lang='lat' dir='ltr'><strong>Vitior.</strong></span> <span class='ocrx_word' id='word_1_374' title='bbox 340 3087 411 3129; x_wconf 73' lang='lat' dir='ltr'><strong>Matre</strong></span> <span class='ocrx_word' id='word_1_375' title='bbox 421 3084 585 3138; x_wconf 66' lang='lat' dir='ltr'><strong>tyrannoctoni]</strong></span> <span class='ocrx_word' id='word_1_376' title='bbox 600 3082 709 3135; x_wconf 86' lang='lat' dir='ltr'><strong>Servilia,</strong></span> <span class='ocrx_word' id='word_1_377' title='bbox 726 3085 789 3129; x_wconf 87' lang='lat' dir='ltr'><strong>Bruti</strong></span> <span class='ocrx_word' id='word_1_378' title='bbox 800 3094 890 3129; x_wconf 85' lang='lat' dir='ltr'><strong>rnatre:</strong></span> <span class='ocrx_word' id='word_1_379' title='bbox 905 3095 958 3145; x_wconf 70' lang='lat' dir='ltr'><strong>qu:</strong></span> 
     </span>
     <span class='ocr_line' id='line_1_44' title="bbox 75 3140 959 3208; baseline 0 -13"><span class='ocrx_word' id='word_1_380' title='bbox 75 3145 178 3195; x_wconf 83' lang='lat' dir='ltr'><strong>fimdum</strong></span> <span class='ocrx_word' id='word_1_381' title='bbox 190 3146 260 3193; x_wconf 88' lang='lat' dir='ltr'><strong>illurn</strong></span> <span class='ocrx_word' id='word_1_382' title='bbox 271 3145 300 3195; x_wconf 90' lang='lat' dir='ltr'><strong>ab</strong></span> <span class='ocrx_word' id='word_1_383' title='bbox 317 3144 383 3194; x_wconf 87' lang='lat' dir='ltr'><strong>hasta</strong></span> <span class='ocrx_word' id='word_1_384' title='bbox 399 3140 496 3193; x_wconf 82' lang='lat' dir='ltr'><strong>Caesaris</strong></span> <span class='ocrx_word' id='word_1_385' title='bbox 512 3142 616 3191; x_wconf 88' lang='lat' dir='ltr'><strong>minimo</strong></span> <span class='ocrx_word' id='word_1_386' title='bbox 636 3158 762 3205; x_wconf 86' lang='lat' dir='ltr'><strong>acceperat.</strong></span> <span class='ocrx_word' id='word_1_387' title='bbox 796 3145 880 3208; x_wconf 83' lang='lat' dir='ltr'><strong>dilexit</strong></span> <span class='ocrx_word' id='word_1_388' title='bbox 892 3146 959 3195; x_wconf 76' lang='lat' dir='ltr'><strong>enirn</strong></span> 
     </span>
     <span class='ocr_line' id='line_1_45' title="bbox 75 3206 957 3270; baseline 0.001 -13"><span class='ocrx_word' id='word_1_389' title='bbox 75 3210 151 3257; x_wconf 74' lang='lat' dir='ltr'><strong>Cesar</strong></span> <span class='ocrx_word' id='word_1_390' title='bbox 162 3206 235 3270; x_wconf 86' lang='lat' dir='ltr'><strong>usque</strong></span> <span class='ocrx_word' id='word_1_391' title='bbox 247 3210 308 3258; x_wconf 88' lang='lat' dir='ltr'><strong>adeo</strong></span> <span class='ocrx_word' id='word_1_392' title='bbox 320 3210 458 3263; x_wconf 86' lang='lat' dir='ltr'><strong>Serviliam,</strong></span> <span class='ocrx_word' id='word_1_393' title='bbox 474 3221 499 3255; x_wconf 89' lang='lat' dir='ltr'><strong>ut</strong></span> <span class='ocrx_word' id='word_1_394' title='bbox 511 3206 576 3255; x_wconf 86' lang='lat' dir='ltr'><strong>bello</strong></span> <span class='ocrx_word' id='word_1_395' title='bbox 587 3206 666 3255; x_wconf 72' lang='lat' dir='ltr'><strong>civili,</strong></span> <span class='ocrx_word' id='word_1_396' title='bbox 682 3207 887 3268; x_wconf 86' lang='lat' dir='ltr'><strong>quemadmodum</strong></span> <span class='ocrx_word' id='word_1_397' title='bbox 899 3214 957 3258; x_wconf 79' lang='lat' dir='ltr'><strong>Sue·</strong></span> 
     </span>
     <span class='ocr_line' id='line_1_46' title="bbox 74 3267 958 3335; baseline 0.001 -15"><span class='ocrx_word' id='word_1_398' title='bbox 74 3276 154 3323; x_wconf 88' lang='lat' dir='ltr'><strong>tonius</strong></span> <span class='ocrx_word' id='word_1_399' title='bbox 169 3273 258 3327; x_wconf 86' lang='lat' dir='ltr'><strong>tradit,</strong></span> <span class='ocrx_word' id='word_1_400' title='bbox 275 3272 340 3335; x_wconf 86' lang='lat' dir='ltr'><strong>snper</strong></span> <span class='ocrx_word' id='word_1_401' title='bbox 352 3275 409 3320; x_wconf 85' lang='lat' dir='ltr'><strong>alias</strong></span> <span class='ocrx_word' id='word_1_402' title='bbox 421 3271 564 3319; x_wconf 86' lang='lat' dir='ltr'><strong>donationes</strong></span> <span class='ocrx_word' id='word_1_403' title='bbox 576 3267 719 3332; x_wconf 81' lang='lat' dir='ltr'><strong>amplissima</strong></span> <span class='ocrx_word' id='word_1_404' title='bbox 730 3271 766 3318; x_wconf 86' lang='lat' dir='ltr'><strong>illi</strong></span> <span class='ocrx_word' id='word_1_405' title='bbox 777 3271 862 3333; x_wconf 76' lang='lat' dir='ltr'><strong>pradia</strong></span> <span class='ocrx_word' id='word_1_406' title='bbox 872 3288 903 3321; x_wconf 81' lang='lat' dir='ltr'><strong>ex</strong></span> <span class='ocrx_word' id='word_1_407' title='bbox 914 3287 958 3320; x_wconf 81' lang='lat' dir='ltr'><strong>au·</strong></span> 
     </span>
     <span class='ocr_line' id='line_1_47' title="bbox 75 3333 958 3399; baseline 0 -17"><span class='ocrx_word' id='word_1_408' title='bbox 75 3335 193 3399; x_wconf 67' lang='lat' dir='ltr'><strong>itionibus</strong></span> <span class='ocrx_word' id='word_1_409' title='bbox 206 3334 276 3383; x_wconf 75' lang='lat' dir='ltr'><strong>hasta</strong></span> <span class='ocrx_word' id='word_1_410' title='bbox 289 3351 391 3384; x_wconf 88' lang='lat' dir='ltr'><strong>nummo</strong></span> <span class='ocrx_word' id='word_1_411' title='bbox 402 3335 532 3390; x_wconf 69' lang='lat' dir='ltr'><strong>addixerit,</strong></span> <span class='ocrx_word' id='word_1_412' title='bbox 551 3349 605 3381; x_wconf 90' lang='lat' dir='ltr'><strong>cum</strong></span> <span class='ocrx_word' id='word_1_413' title='bbox 622 3333 738 3394; x_wconf 87' lang='lat' dir='ltr'><strong>quidem,</strong></span> <span class='ocrx_word' id='word_1_414' title='bbox 754 3336 871 3398; x_wconf 80' lang='lat' dir='ltr'><strong>plerisque</strong></span> <span class='ocrx_word' id='word_1_415' title='bbox 887 3336 958 3384; x_wconf 81' lang='lat' dir='ltr'><strong>utili-</strong></span> 
     </span>
     <span class='ocr_line' id='line_1_48' title="bbox 72 3398 958 3461; baseline -0.001 -16"><span class='ocrx_word' id='word_1_416' title='bbox 72 3412 150 3461; x_wconf 79' lang='lat' dir='ltr'><strong>tatem</strong></span> <span class='ocrx_word' id='word_1_417' title='bbox 169 3400 324 3456; x_wconf 85' lang='lat' dir='ltr'><strong>mirantibus,</strong></span> <span class='ocrx_word' id='word_1_418' title='bbox 341 3398 482 3448; x_wconf 83' lang='lat' dir='ltr'><strong>facetissime</strong></span> <span class='ocrx_word' id='word_1_419' title='bbox 494 3400 594 3453; x_wconf 89' lang='lat' dir='ltr'><strong>Cicero,</strong></span> <span class='ocrx_word' id='word_1_420' title='bbox 601 3398 652 3458; x_wconf 69' lang='lat' dir='ltr'><strong>Qu</strong></span> <span class='ocrx_word' id='word_1_421' title='bbox 663 3400 739 3445; x_wconf 83' lang='lat' dir='ltr'><strong>melius</strong></span> <span class='ocrx_word' id='word_1_422' title='bbox 748 3431 755 3453; x_wconf 96' lang='lat'><strong>,</strong></span> <span class='ocrx_word' id='word_1_423' title='bbox 764 3398 842 3460; x_wconf 90' lang='lat' dir='ltr'><strong>inquit</strong></span> <span class='ocrx_word' id='word_1_424' title='bbox 851 3412 958 3459; x_wconf 75' lang='lat' dir='ltr'><strong>,emptum</strong></span> 
     </span>
     <span class='ocr_line' id='line_1_49' title="bbox 65 3460 958 3587; baseline 0.002 -76"><span class='ocrx_word' id='word_1_425' title='bbox 65 3464 146 3525; x_wconf 72' lang='lat' dir='ltr'><strong>sciatis</strong></span> <span class='ocrx_word' id='word_1_426' title='bbox 157 3460 174 3519; x_wconf 80' lang='lat'><strong>,&#39;</strong></span> <span class='ocrx_word' id='word_1_427' title='bbox 183 3466 260 3517; x_wconf 77' lang='lat' dir='ltr'><strong>Tertia</strong></span> <span class='ocrx_word' id='word_1_428' title='bbox 271 3465 363 3515; x_wconf 69' lang='lat' dir='ltr'><strong>dedissit</strong></span> <span class='ocrx_word' id='word_1_429' title='bbox 371 3463 414 3531; x_wconf 75' lang='lat' dir='ltr'><strong>rss:</strong></span> <span class='ocrx_word' id='word_1_430' title='bbox 429 3462 593 3527; x_wconf 72' lang='lat' dir='ltr'><strong>existimabatur</strong></span> <span class='ocrx_word' id='word_1_431' title='bbox 603 3465 661 3511; x_wconf 76' lang='lat' dir='ltr'><strong>tnt&#39;rn</strong></span> <span class='ocrx_word' id='word_1_432' title='bbox 671 3463 793 3515; x_wconf 70' lang='lat' dir='ltr'><strong>Serviliam</strong></span> <span class='ocrx_word' id='word_1_433' title='bbox 802 3466 869 3515; x_wconf 74' lang='lat' dir='ltr'><strong>aiam</strong></span> <span class='ocrx_word' id='word_1_434' title='bbox 881 3464 958 3587; x_wconf 45' lang='grc' dir='ltr'><strong>Ῑιῖίιη</strong></span> 
     </span>
     <span class='ocr_line' id='line_1_50' title="bbox 696 3536 959 3572; baseline 0 0"><span class='ocrx_word' id='word_1_435' title='bbox 696 3558 699 3565; x_wconf 77' lang='grc'><strong>-</strong></span> <span class='ocrx_word' id='word_1_436' title='bbox 908 3536 959 3572; x_wconf 69' lang='lat' dir='ltr'><strong>nm</strong></span> 
     </span>
    </p>
   </div>
   <div class='ocr_carea' id='block_1_3' title="bbox 0 0 1157 3900">
    <p class='ocr_par' dir='ltr' id='par_1_5' title="bbox 0 0 1157 3900">
     <span class='ocr_line' id='line_1_51' title="bbox 0 0 1157 3900; baseline 0 0"><span class='ocrx_word' id='word_1_437' title='bbox 0 0 1157 3900; x_wconf 95' lang='lat' dir='ltr'><strong> </strong></span> 
     </span>
    </p>
   </div>
  </div>
 </body>
</html>
