2296 3900
217 118 301 185 ²09²
359 97 497 179 'Entsn
518 116 571 167 nn
590 97 764 182 Qumrnu
786 94 964 161 Fene-nnn

63 219 186 281 initiet.
210 206 284 295 jurii
301 205 367 268 eilla
393 209 544 286 inerticula
557 209 730 288 quaerebat,
757 225 824 342 quae
844 206 892 265 tihi
912 204 1008 264 acerba
1027 202 1073 266 else

213 283 307 344 video.
344 285 458 345 Amabo
472 298 518 357 te,
536 287 660 346 advola:
680 284 843 345 consoabor
862 294 891 341 te
910 284 940 340 &
964 299 1074 344 ornnem
1099 318 1103 329 ·

97 414 101 421 ,
156 414 162 431 ,
212 358 298 419 abdet
316 359 371 420 ebo
384 360 530 433 dolorem,
550 365 581 422 &
601 361 714 433 adduc,
733 360 816 420 sime
832 375 932 438 amas„
950 359 1073 427 Matium.
1101 364 1114 429 11

213 432 261 494 sed
278 377 467 515 affptoperate.
481 468 484 472 ·
504 438 612 499 Hortus
625 437 705 499 domi
719 432 767 496 est.

480 593 666 642 nrtsro
681 593 702 640 1.
717 592 741 639 A
772 592 820 639 XI.

322 798 328 815 Ι,
378 730 580 821 innuens
606 731 645 807 Q.
671 726 859 801 nunniti
882 727 911 786 S.

84 894 90 903 ‘
197 880 459 990 'EPusroten
484 883 556 943 hanc
584 881 716 944 convicio
750 881 936 958 efflagitarunt
963 881 1073 944 codicilli

269 959 320 1016 tui.
358 976 424 1018 nam
446 976 488 1020 res
504 958 618 1037 quidem
639 959 693 1033 ipsa
713 959 743 1018 δι
763 960 785 1017 is
806 959 888 1027 diet,
919 974 980 1034 quo
1000 972 1031 1018 tu
1051 977 1074 1019 et

209 1033 374 1107 proserius,
400 1036 469 1094 nihil
496 1035 564 1095 mihi
586 1033 621 1093 ad
649 1033 819 1094 scribendum
840 1035 999 1110 argumenti
1017 1035 1072 1096 sani

209 1107 299 1168 dabat.
337 1109 391 1170 Sed
405 1110 644 1188 quemadmodum
654 1153 663 1181 ,
673 1112 769 1170 cotim
783 1110 848 1170 curn
858 1111 973 1180 sumus,
992 1111 1074 1171 sermo

209 1184 290 1243 nobis
303 1183 393 1245 deesse
406 1205 466 1247 non
479 1186 569 1256 solet,
596 1186 633 1246 stc
652 1187 772 1262 epistolae
793 1186 893 1247 nostrae
914 1185 1020 1246 debent
1038 1189 1074 1247 in·

61 1260 320 1339 [effluenterdum
340 1260 513 1323 shalucinari.
552 1263 746 1324 Tenediorum
769 1264 850 1338 igitur
870 1262 980 1322 libertas
1005 1261 1073 1323 else·

59 1333 124 1401 ain„
164 1380 170 1387 .
211 1338 269 1395 turi
282 1337 411 1398 Tenedia
426 1337 536 1415 praecisa
549 1339 594 1398 eli.
635 1338 697 1397 cum
715 1357 762 1399 eos
776 1350 875 1414 praeter
889 1357 964 1410 tne,
993 1339 1074 1399 &Bi-

117 1452 120 1457 -
187 1444 191 1451 ·
208 1409 322 1484 bulum,
343 1414 522 1474 &Calidium
537 1455 546 1483 ‚
573 1416 603 1473 &
617 1416 773 1474 Favonium
794 1432 881 1475 nemo
909 1415 1073 1475 defenderet.

208 1488 292 1547 ⁴9De
306 1502 334 1549 te
347 1492 482 1565 tnagis,ab
504 1491 598 1566 Sipylo
619 1491 728 1549 mentio
748 1488 787 1549 est
806 1489 963 1551 honorifica
984 1491 1071 1562 faeta,

61 1594 67 1604 ·
140 1638 144 1643 Ι
208 1560 272 1622 clun
287 1576 316 1623 te
330 1574 418 1625 unum
431 1565 557 1625 ¹dicerent
576 1565 751 1643 postulationi
767 1566 806 1627 L.
820 1567 917 1626 Sextii·
928 1564 1024 1626 Pansae
1035 1585 1072 1626 re·

83 1681 88 1691 .
207 1637 306 1699 stitisse.
345 1642 468 1719 Reliquis
487 1641 604 1712 diebus,
631 1641 651 1700 li
678 1641 746 1719 quid
769 1643 820 1700 erit
835 1685 845 1713 ,
863 1642 942 1718 quod
963 1655 993 1701 te
1014 1643 1072 1702 scire

78 1718 83 1725 '
117 1772 129 1787 „
209 1732 280 1790 opus
294 1715 343 1791 fit,
363 1719 505 1777 autetiam
520 1716 540 1775 fi
553 1718 620 1777 nihil
633 1719 700 1789 erit,
719 1723 814 1777 tamen
826 1716 942 1777 scribam
952 1718 1071 1795 quotidie

91 1805 117 1854 r.
136 1806 164 1855 n.
190 1790 243 1869 ‚ali
263 1792 320 1851 uid.
357 1786 427 1853 Prid.
447 1794 483 1852 id.
503 1810 594 1868 neque
609 1795 675 1863 tibi,
694 1810 786 1868 neque
798 1794 962 1869 Pomponio
985 1794 1072 1854 deero.

60 1868 145 1997 ‘fug-,q
152 1872 200 1939 ἢ,
209 1875 240 1921 5⁰
277 1870 373 1939 ueretii
386 1876 518 1948 poemata
538 1869 582 1946 (ut
595 1868 844 1944 inmunitatum
859 1862 1074 2005 multislumigii·

94 1967 113 1999 t.
421 1956 424 1963 '
478 2006 481 2011 ,
1045 1963 1072 2006 us

138 2126 142 2135 ·
236 2108 274 2160 4⁸.
289 2101 364 2149 Securi
374 2101 485 2163 renuite]
499 2100 551 2150 lein
561 2098 711 2158 veliementit
727 2112 781 2148 eunt
791 2095 908 2148 universus
919 2095 970 2147 sere
983 2096 1071 2147 senatus

206 2174 289 2211 eontra
309 2158 469 2213 Tenedionrni'
492 2163 624 2213 libertatern
639 2162 787 2212 consentiret.
821 2164 865 2217 dt,
875 2161 953 2270 [euri
967 2163 1070 2219 Tenedia,

91 2242 97 2261 τ
187 2242 191 2249 ·
204 2238 260 2273 curn
270 2225 344 2282 dixit,
359 2224 424 2288 qunfi
435 2226 541 2289 quodam
552 2227 607 2282 ioco
615 2223 692 2274 alludit
704 2225 733 2274 ad
743 2236 849 2273 veterem
866 2224 874 2272 i
886 2225 934 2273 lem
946 2221 996 2271 live
1006 2222 1071 2274 sabu-

205 2287 270 2341 lain,
285 2286 332 2336 lire
342 2288 462 2337 hilloiinm
473 2289 504 2338 de
513 2295 597 2338 'senne
607 2302 673 2352 rege,
688 2287 702 2335 d
715 2301 764 2351 quo
774 2285 849 2335 insula
862 2301 954 2335 nornen
966 2287 1069 2349 accepit,

56 2350 78 2409 ’,
95 2352 99 2361 ’
117 2378 121 2389 ,
205 2350 247 2411 qui
257 2349 321 2414 leget
330 2348 419 2406 sanxit,
436 2349 518 2416 siquis
533 2349 664 2400 adulterum
682 2346 867 2414 deprehendisset
883 2383 890 2405 ,
905 2362 931 2397 ut
942 2362 998 2396 eum
1010 2349 1070 2397 lecu·

105 2447 112 2458 .
136 2450 140 2457 .
204 2410 387 2462 tiinterficeret:
403 2412 475 2476 idque
484 2413 582 2463 servavit
595 2415 627 2461 ita
637 2412 776 2476 diligenter,
793 2425 819 2460 ut
830 2412 902 2460 etiam
915 2410 946 2460 de
960 2410 1014 2460 filio
1030 2411 1068 2460 luo

202 2472 348 2537 deprehenso
358 2476 533 2541 interrogatus,
553 2475 610 2535 quid
626 2474 678 2524 fieri
694 2484 833 2538 oporteret,
848 2472 993 2538 respondtit
1008 2473 1070 2523 diet·

203 2547 256 2592 tnt;
272 2536 296 2585 id
308 2537 388 2595 fieret,
404 2541 469 2604 quod
484 2541 524 2589 lex
541 2539 636 2597 iuberet.
666 2537 722 2586 inde
735 2535 803 2584 datus
817 2537 884 2585 locus
899 2535 1028 2600 proverbio
1042 2537 1069 2586 de

203 2599 310 2670 'rgnedia
324 2599 411 2659 securi,
428 2604 454 2651 in
471 2603 499 2651 iit
514 2599 605 2657 rebus,
628 2613 679 2665 que
694 2599 858 2664 preciduntur.
886 2598 1027 2648 Heraclides
1048 2599 1068 2650 ir

201 2681 236 2726 σᾳ
251 2663 299 2720 neti
315 2665 441 2714 nontermin-
473 2671 499 2715 Ρ.
508 2666 594 2714 Maure.
976 2719 978 2723 ,
1023 2700 1026 2705 -
1055 2700 1058 2705 -

101 2727 104 2731 ’
215 2734 219 2742 “
232 2739 271 2782 4ο.
285 2731 321 2772 De
330 2738 351 2772 tt
364 2730 432 2789 magis
440 2726 467 2774 n'b
477 2728 550 2790 Sipylo
561 2727 638 2774 mentio
650 2726 707 2784 m]
737 2723 785 2774 Pal.
797 2739 831 2788 pr.
844 2723 903 2773 nihil
914 2723 1011 2778 variat,
1027 2718 1067 2773 nsfi

235 2786 267 2835 od
277 2787 292 2834 ri
302 2788 424 2837 collocarit
436 2788 502 2854 supra
512 2791 523 2836 ι’
533 2791 597 2838 votis
608 2802 635 2838 te.
656 2801 711 2839 tert.
727 2787 784 2838 verb
798 2784 907 2851 expressit
923 2799 965 2834 tea.
993 2790 1017 2837 Ρ.
1030 2786 1068 2836 vi·

122 2898 126 2907 ,
198 2801 287 2899 anexius
297 2848 401 2900 libant,
420 2856 474 2901 var.
484 2851 549 2902 Lest.
561 2865 612 2915 cap.
620 2866 639 2900 t.
656 2850 788 2907 emendat,
803 2853 829 2897 de
838 2850 884 2897 teni
896 2850 1034 2912 Magnetibus
1043 2847 1074 2905 es¹

200 2913 288 2977 Sipylo,
305 2911 698 2978 quodillicoarripuitnambinns.
729 2917 819 2963 emer.
1027 2944 1037 2956 ·

208 3002 212 3009 ·
232 2988 269 3034 ςο.Ι
287 2978 488 3039 burniipoemata
504 2979 540 3038 (ut
546 2975 634 3038 scribis)
650 2979 692 3023 lire
702 2977 754 3039 sunt
768 2977 858 3031 multis,
874 2976 931 3032 dn]
957 2980 1018 3025 Non
1030 2990 1069 3026 ve·

199 3037 237 3087 titi
248 3038 325 3087 sumus
338 3035 400 3086 hanc
412 3039 467 3088 licet
480 3038 533 3088 satis
552 3051 669 3102 receptam
685 3038 812 3088 ledlionern
829 3037 914 3087 delere.
946 3043 976 3087 ln
998 3053 1070 3088 manu

190 3101 263 3150 ¹enim
275 3099 362 3164 seriptis
373 3098 437 3150 libris
448 3117 497 3149 non
507 3102 655 3166 invenimus,
670 3103 695 3150 &
709 3101 777 3150 nullo
788 3099 863 3149 medo
873 3099 963 3149 testam
973 3099 1022 3150 else
1036 3103 1070 3161 ju·

199 3163 311 3211 dieamus.
345 3166 411 3215 Nam
434 3178 485 3227 quae
500 3163 562 3214 infre
576 3163 652 3227 polita
667 3162 720 3212 sunt
735 3162 803 3212 verba
820 3165 890 3210 muira
907 3177 980 3211 tamen
996 3169 1069 3213 artis:

199 3225 291 3274 neeesse
300 3237 326 3273 ut
337 3225 486 3275 antecedenti
495 3225 614 3277 sententiae
624 3239 762 3291 repugnent.
797 3231 859 3274 curn
871 3225 941 3290 igitur
956 3239 1034 3275 artem
1043 3229 1070 3276 in

198 3288 248 3336 illis
257 3286 347 3343 laudet,
364 3287 489 3338 verisimile
501 3288 534 3338 eli
546 3287 635 3352 aliquid
662 3287 878 3354 riusirnptobaturn
888 3284 965 3339 fuisse.
998 3287 1070 3352 Quod

199 3346 218 3398 fi
230 3351 266 3398 cni
277 3351 363 3399 mltum
372 3350 466 3400 videtur
477 3351 603 3413 judicatum
614 3303 662 3399 eliz
670 3352 815 3415 quandoque
824 3351 959 3400 Lucretium
970 3351 1071 3416 elegen·

198 3410 312 3464 eumen
321 3414 348 3464 dr
358 3412 534 3467 otnttiffinrutn
545 3415 660 3482 qo'e‘tam,
675 3428 728 3465 non
736 3411 792 3466 satit
803 3413 885 3466 mutia
895 3414 989 3482 ingenii
1000 3414 1076 3532 iffi
