2296 3900
182 114 378 185 Error.
420 135 495 183 nn
536 104 841 191 Arrretru.
880 124 962 212 1989

74 228 215 303 finierat,
234 231 433 290 commistione
455 228 648 300 Graecort'un',
681 232 866 307 frequentiam
895 256 955 299 non

72 307 169 365 suiss'e:
189 307 292 387 equod
305 306 420 381 quidem
437 322 485 363 me
507 306 626 363 minime
647 308 752 365 sesessit.
790 312 838 369 scis
859 313 1110 387 continueque·

72 385 142 461 quid
163 402 217 461 ego
245 385 281 442 de
296 384 402 441 Graecis
423 382 493 439 ludit
514 382 687 451 existimem,
707 394 782 441 nunc
796 388 859 446 nudi
875 393 954 465 quod

73 460 155 535 pluris
179 462 216 520 est
242 460 330 538 quitur
345 460 450 517 omnin.
471 460 593 534 Quintus
607 460 658 519 fuit
674 476 786 518 mecunr
802 462 859 521 dies
872 484 953 527 com-

72 537 160 612 plures
188 540 235 608 &‚
268 536 289 593 fi
303 552 357 611 ego
373 550 524 609 cuperem,
543 536 588 593 isle
602 536 648 593 uel
661 538 750 611 piures
765 538 874 598 suisset:
895 542 952 613 sed,

72 627 210 691 quantum
226 616 295 681 suit,
314 610 543 681 incredibilem,
562 611 711 688 quam-me
729 616 757 671 in
773 618 851 674 omni
865 634 954 691 gene·¹
998 624 1022 664 -’-

72 706 103 749 re
117 691 274 750 delectarit:
295 691 323 748 in
339 704 433 763 eoque
448 686 587 756 maximi,
607 690 709 765 inquo
725 690 842 750 minime
857 693 976 813 astris-p
992 704 1104 767 putatum

71 768 199 826 siciebat.
239 765 275 823 sic
296 766 372 823 enirn
393 766 600 823 rc'ommutatus
627 766 665 824 esi
694 778 770 825 totus
798 770 828 828 &
848 769 955 845 scriptit-
970 768 1090 819 ²¹i⁵f·³¹¹¹'¹'·

73 846 144 901 meis
158 841 340 919 quibusdam,
360 858 425 918 quae
439 843 468 899 in
484 841 609 899 inanibus
623 842 777 913 hnbcbunr,
797 848 827 905 &
841 844 983 907 assidui-’¹.
992 844 1103 883 ΜΝ·

71 928 129 977 tute
153 920 286 977 orationis
315 920 345 977 &
363 918 531 993 praeceptis,
549 930 583 975 ut
601 918 646 975 tali
661 922 764 977 -nnimo
785 923 814 979 in
835 934 948 999 rctnpu-
959 906 1051 1003 2ffi3¹¹¹⁸

69 994 190 1065 blicam,
211 994 283 1070 quali
296 1012 348 1054 nos
363 996 509 1063 volumus,
530 995 637 1055 futurus
651 994 705 1053 stt.'
726 998 948 1063 sioccitnr·1nihi
1003 992 1030 1007 ‘'
1052 1004 1057 1011 '

71 1090 133 1130 non
156 1071 243 1131 ruodo
264 1068 473 1141 confirmasset,
499 1070 544 1129 sed
573 1074 656 1129 etium
678 1072 842 1146 persuasisset
854 1098 864 1142 ;
893 1082 952 1155 egit

71 1165 189 1206 mecum
205 1146 330 1206 accurate
344 1148 438 1206 multis
460 1147 571 1216 uerbis,
591 1150 638 1206 tibi
661 1162 691 1205 ut
712 1149 901 1225 sponderem,
921 1156 949 1215 se
1027 1149 1032 1157 ’

72 1224 191 1300 dignum
212 1226 242 1283 &
263 1236 290 1283 te
317 1226 348 1283 δι
362 1224 442 1285 nobis
462 1224 609 1291 sutut·utn;
631 1242 724 1299 neque
744 1227 770 1284 se
794 1229 949 1305 postulare,

72 1314 105 1358 ut
119 1301 207 1359 statim
221 1300 346 1360 crederes
362 1322 369 1359 ε
390 1299 454 1368 sed,
474 1299 538 1358 cirm
553 1300 607 1375 ipse
622 1302 813 1375 perspexisses,
833 1318 893 1364 tum
916 1320 948 1368 ut

70 1377 99 1435 se
116 1394 229 1437 amares.
271 1376 350 1455 quiid
364 1376 414 1436 nisi
435 1376 520 1435 fidem
543 1378 612 1435 mihi
634 1376 755 1451 fecisset,
770 1381 949 1457 judicassem·¹

69 1458 128 1531 que
142 1454 215 1525 hoc,
235 1454 313 1530 quod
329 1454 418 1523 dico,
438 1452 551 1512 firmum
573 1454 654 1523 sore,
673 1470 733 1515 non
754 1455 876 1519 fecissem
898 1460 946 1533 id.

69 1531 148 1607 quod
171 1532 291 1591 dicturus
312 1528 381 1595 sum.
420 1527 487 1589 duxi
507 1531 583 1589 enim
606 1548 720 1597 mecum
741 1534 947 1600 adolescentem

68 1608 105 1666 ad
118 1608 245 1665 Brutum.
284 1606 320 1663 stc
336 1609 362 1665 ei
376 1606 522 1681 probatum
544 1606 606 1676 est,
633 1609 710 1685 quod
730 1610 766 1669 ad
785 1624 814 1670 te
838 1612 944 1687 scribo,

69 1696 103 1742 ut
126 1682 182 1758 ipse
204 1682 374 1750 crediderit}
403 1698 450 1739 me
471 1683 630 1757 sponsorem
651 1686 776 1761 accipere
797 1688 942 1753 noluerit:

69 1776 197 1835 eumque
223 1757 337 1817 laudans
362 1757 523 1817 amicissime
552 1760 728 1822 mentionem
762 1766 803 1823 tui
838 1766 945 1829 fecerit.

67 1837 235 1911 complexus
268 1834 402 1895 oscunms
423 1852 457 1893 ue
488 1834 627 1896 dimiserit.
666 1838 861 1915 Quamobrem
895 1845 945 1911 etsi

69 1914 159 1989 magis
173 1912 227 1982 est,
247 1910 327 1987 quud
338 1854 457 1987 gratffler
471 1911 543 1980 tibi,
570 1910 657 1987 quim
678 1912 757 1989 quiid
778 1927 806 1975 te
826 1908 944 1992 rogerum

66 2002 165 2051 tamen
180 1990 265 2048 etiarn
281 2004 368 2063 rogo,
378 2002 420 2047 ·ut
433 2029 442 2056 ,
462 1987 482 2045 si
497 2005 562 2064 quae
575 1988 666 2047 minus
678 2003 760 2047 antea
773 2006 885 2066 propter
898 1996 942 2053 itr-

69 2067 231 2129 firmitatem
248 2066 335 2123 aetatis
349 2064 503 2125 constanter
516 2064 551 2123 ab
563 2081 601 2123 eo
622 2064 682 2123 fieri
703 2065 889 2139 videbuntur,
909 2088 943 2132 ea

61 2144 171 2221 judices
185 2142 263 2213 illurn
276 2138 401 2217 abjecisse
418 2164 427 2209 ;
449 2140 576 2218 mihique
599 2140 722 2217 credat„
743 2144 862 2203 muitum
878 2138 945 2233 atla-2

65 2234 177 2285 turam,
197 2218 242 2276 vel
253 2218 405 2293 plurimum
419 2217 527 2293 potius,
547 2217 664 2279 ad'illius
680 2218 820 2293 judicium
839 2220 943 2283 consit-

66 2293 204 2355 mandum
219 2336 228 2364 ,
246 2294 439 2357 attctontarem
453 2308 539 2356 tuam.
577 2294 702 2355 4²ssruto
722 2294 787 2359 curu
809 2296 882 2375 saepe
897 2302 941 2359 in·

896 2393 942 2455 J‘·

70 2580 79 2587 '
98 2587 137 2631 42.
152 2576 276 2621 Brutorum
285 2574 306 2635 f
352 2574 503 2635 injecrffemdr
518 2575 650 2633 iuonnot'ga,
665 2573 724 2629 dn]
754 2571 853 2637 Antiqui
865 2570 938 2629 libri,

58 2634 134 2697 sape:
151 2635 191 2684 ubi
202 2636 279 2685 excufi
307 2638 383 2701 spem)
400 2637 507 2687 habente
529 2652 632 2687 veterem
649 2649 728 2685 aurem
746 2634 875 2683 terrionem
890 2634 939 2683 fin·

64 2698 183 2746 ceriorem
193 2699 329 2755 iudicamus.
360 2704 451 2761 injicere
460 2700 498 2748 hic
509 2697 640 2765 siguificare
657 2696 748 2748 videtur
763 2700 825 2744 inter
835 2699 939 2761 soquen-

64 2759 126 2809 dum
145 2761 254 2825 quedam
272 2760 371 2811 breviter
386 2762 503 2827 proferre,
520 2780 571 2827 quor
582 2762 721 2811 desideriunt
733 2760 838 2807 nostrum
853 2759 940 2808 siacu-

65 2822 113 2879 ιὶ,
127 2836 153 2871 ut
165 2823 227 2873 diua
242 2822 313 2883 sunt,
333 2825 475 2889 accipiantur
490 2860 497 2881 ‚
519 2827 643 2875 indicente
663 2822 869 2887 quemadmodum
888 2821 936 2871 hoe

63 2886 165 2937 verbum
175 2886 267 2951 usurpat
280 2886 411 2937 Trebonius
421 2890 446 2936 in
456 2889 555 2952 epistola
571 2888 601 2937 ad
613 2889 777 2943 Ciceronem,
792 2884 831 2933 ubi
847 2886 878 2935 de
893 2888 938 2933 ci-

63 2964 153 2999 cerone
167 2950 219 2999 filio
235 2951 358 3013 loquitutt
380 2954 429 3014 Qr‘
443 2968 491 2999 cum
509 2954 566 2999 mibi
581 2956 606 2998 in
615 2952 711 3011 sermone
725 2948 825 3008 iniecisset
839 2951 864 3009 se
879 2952 938 2995 vesle

66 3014 150 3071 rAfiam
165 3014 253 3073 offrre,
269 3032 310 3060 non
325 3015 386 3060 modo
400 3018 507 3061 invitatus
518 3047 526 3070 ,
536 3015 576 3075 sed
590 3016 656 3060 etr'om
672 3026 756 3075 rogetus
770 3012 798 3071 qis
813 3012 828 3057 ri
844 3028 895 3067 me,
912 3026 938 3059 rer

64 3078 90 3123 r'd
103 3076 247 3139 poriffimum,
258 3079 316 3123 nobis
332 3077 467 3123 obtinentibus
479 3080 632 3139 provinciam,
642 3076 730 3135 sereret.
753 3076 854 3122 Miratur
865 3074 936 3135 igitur

66 3140 166 3197 Cicero,
181 3154 236 3187 cum
247 3138 305 3202 saepe
315 3140 340 3187 in
351 3138 459 3187 sermone
468 3144 539 3187 Bruto
548 3135 662 3195 iniecisset
674 3136 696 3185 se
710 3152 793 3199 cupere
804 3152 858 3185 curn
868 3150 899 3185 eu
909 3138 936 3187 in

64 3203 182 3251 Gtaeciam
192 3202 247 3250 navi
265 3216 316 3258 are,
332 3202 401 3251 issum
414 3218 464 3250 non
475 3202 558 3265 cupide
571 3200 596 3250 id
608 3198 741 3265 arripuisse,
758 3214 814 3247 narn
825 3200 863 3247 ubi
879 3204 939 3247 ecri-

61 3274 111 3326 perr
121 3277 191 3314 antea
202 3265 225 3312 se
242 3280 255 3313 e
272 3278 341 3322 atur,
361 3270 454 3327 arripere
470 3264 650 3313 emendavimus
665 3296 673 3319 ,
689 3265 815 3311 autoritate
830 3276 936 3313 veterum

64 3324 176 3376 codicum
187 3280 282 3377 additur
293 3332 318 3378 δι
332 3328 395 3377 verbi
408 3329 475 3385 huius
485 3327 622 3393 elegantis,
638 3326 705 3389 quod
719 3329 811 3395 optime
826 3326 865 3375 irie
876 3340 937 3373 con·

65 3390 145 3437 verrit:
162 3404 220 3439 uam
229 3395 254 3443 δι
267 3406 359 3457 equum
369 3390 476 3441 censebat
486 3406 530 3456 pro
542 3390 581 3439 sua
590 3390 723 3453 dignitate,
739 3394 774 3445 se,
790 3388 937 3453 quaesuavo·

63 3452 145 3509 lunrao
157 3450 228 3514 esset,
243 3455 329 3509 leniter
339 3454 483 3513 admouere,
499 3457 636 3569 primirum
646 3454 687 3505 rix
698 3466 810 3521 percepto
822 3454 873 3518 ejuo
887 3450 939 3565 seris·

481 3524 502 3571 L
591 3536 602 3576 3
930 3527 945 3563 ὓ
