2296 3900
90 302 108 356 l<
123 301 216 370 gravius

91 373 141 419 issi.

246 123 560 207 rnulnnzx
601 111 1041 197 Duonaernue

243 244 359 308 operam
375 224 499 304 dederis,
519 231 617 296 revises
630 249 694 290 nos.
731 241 760 285 45
769 230 815 289 vel
827 232 901 289 uirus
916 232 981 293 dies
995 234 1068 297 mihi
1081 234 1124 301 erl

242 311 330 378 utilis;
351 312 420 388 quid
440 312 556 377 dicam,
576 305 714 384 l‘gratus?
734 306 793 382 ipse.
812 309 943 368 Romam
975 311 1101 373 venirem
1112 338 1121 386 ,·

240 398 273 444 ut
287 387 342 447 una
357 385 491 459 essemus,
511 386 604 453 filaris
626 383 773 444 confilium
794 384 919 462 quadam
941 386 982 447 de
1004 402 1036 447 re
1048 390 1121 452 habe*

239 479 310 524 rem.

509 601 846 666 nrmroiant

376 754 995 836 crcunonrrrcosr

243 948 455 1067 Tlnouarr
476 956 566 1016 habeo
588 956 665 1016 citilrs
685 954 771 1032 quini
794 954 918 1015 verebar.
943 952 1113 1018 venitetiani

314 1039 429 1096 Nicias:
451 1038 481 1095 ὃ(
496 1035 638 1092 Valerium
660 1034 745 1092 hodie
766 1032 913 1090 audiebam
939 1028 997 1092 esse
1026 1046 1113 1094 ventu·

241 1130 314 1172 rum.
352 1115 479 1191 quamvis
502 1112 589 1169 ,multi
609 1110 684 1179 smt,
718 1109 804 1183 magis
831 1120 932 1169 tamen
956 1106 1008 1171 do
1037 1111 1113 1183 solusr

244 1189 329 1267 'quim
346 1191 448 1249 srunus
464 1186 538 1248 effes.
565 1187 610 1246 sed
625 1186 752 1262 exspeelo
769 1199 814 1253 te,
834 1184 850 1243 a
866 1186 1005 1247 Peduceo
1019 1190 1112 1264 utique.

243 1279 276 1325 tu
290 1281 384 1325 autem
400 1266 530 1343 significas
544 1265 646 1341 aliquid
668 1265 752 1321 etlam
773 1276 845 1320 ante.
885 1263 990 1323 verum
1009 1264 1038 1323 id
1057 1265 1113 1341 qui·

142 1342 144 1353 '
244 1344 330 1413 dem,
350 1358 380 1403 ut
395 1346 505 1419 poteris.
545 1342 591 1399 De
607 1341 743 1416 Virgilio,
763 1337 904 1398 ntscribis.
947 1341 1007 1400 hoc
1025 1352 1112 1401 tamen

93 1720 104 1793 l
119 1725 224 1794 sicnobis

94 1809 224 1857 visumalr'r‘.

245 1420 330 1478 'velim
353 1421 438 1489 scire,
458 1420 569 1496 quando
591 1418 692 1494 auslio.
733 1415 884 1491 Epistolam
913 1415 953 1475 ad
982 1417 1111 1477 Caesarenr

244 1498 317 1554 mitti
343 1497 426 1555 video
448 1499 496 1554 tibi
518 1498 633 1572 plaeere.
672 1493 740 1570 quid
769 1493 869 1567 quaeris
892 1492 904 1550 l
926 1493 1039 1554 4⁶m'ihi
1052 1513 1112 1572 quo·

244 1580 299 1649 que
313 1574 369 1632 hoc
383 1573 458 1631 idem
474 1572 596 1631 manime
611 1573 729 1647 placuit,
750 1572 779 1628 &
794 1587 830 1627 eo
845 1572 935 1646 magis
951 1613 960 1640 ,
980 1570 1062 1651 quoti
1077 1571 1111 1631 ni·

242 1649 282 1708 hil
296 1649 333 1709 est
347 1653 377 1708 in
391 1669 440 1718 ea,
460 1649 510 1709 nist
524 1650 623 1724 oprimi
636 1650 721 1716 civis;
741 1645 837 1709 sedita
851 1650 957 1721 optimi
972 1692 982 1719 ,
1002 1660 1037 1708 ut
1049 1660 1110 1709 tern-
1142 1694 1145 1707 .

242 1740 335 1844 pora,
354 1728 451 1803 quibus
465 1744 559 1802 parere
581 1740 681 1785 omnes
702 1726 837 1781 nontaceri
856 1727 1040 1801 praecipiunt.
1075 1723 1111 1785 ses

259 1802 307 1861 stis
327 1806 364 1862 ita
377 1805 456 1862 nobis
471 1799 524 1862 elle
538 1803 644 1871 visum,
664 1813 695 1860 ut
709 1802 750 1860 isti
763 1806 827 1860 ante
846 1802 983 1878 legerent.
1026 1816 1058 1863 tu
1070 1803 1110 1879 igi·

94 1885 122 1919 ²¹¹
137 1869 175 1918 sed
191 1871 288 1938 nni’tur
302 1879 336 1938 id
357 1881 469 1940 curabis.
508 1880 578 1948 sed,
605 1880 655 1938 nist
675 1877 755 1954 plane
776 1879 807 1936 lis
828 1878 966 1955 intelliges
993 1880 1111 1956 placere,¹

93 1931 120 1981 hi
130 1935 181 1983 alii.

92 2011 111 2044 rr
126 2009 194 2054 anre,

92 2057 184 2108 inerti.

122 2124 148 2173 Ρ.
169 2126 197 2174 Β.

244 1956 378 2016 mittenda
390 1973 450 2016 non
466 1957 511 2016 est.
549 1957 578 2016 id
590 1970 684 2017 autem
700 1955 792 2013 utrlrm
806 1955 844 2014 illi
859 1955 999 2027 sentiant,
1019 1970 1112 2017 manue

241 2033 370 2092 simulent
386 2078 394 2104 ,
413 2049 444 2093 tu
456 2033 597 2111 intelliges.
623 2032 716 2092 n*mihi
730 2031 866 2091 simulatio
881 2050 935 2109 pro
949 2034 1114 2109 repudiatiol

241 2128 279 2171 ne
299 2112 391 2172 fuerit.
428 2114 546 2170 amerino
570 2111 601 2168 δὲ
621 2113 689 2183 μυῖα
708 2108 763 2173 ἴση.
801 2107 885 2168 4⁸De
907 2110 1042 2170 Caerellia
1055 2109 1116 2247 Ἓξ
1127 2123 1131 2133 “

137 2354 141 2367 “
240 2339 283 2390 bur
301 2340 412 2391 homines
428 2338 602 2407 flagitiofilllml
619 2339 684 2406 spem
700 2341 821 2404 quandam
838 2330 954 2391 habereris
966 2342 1115 2393 mmmm

239 2403 361 2455 honorum
367 2405 577 2470 adipiscendorum.
609 2421 667 2454 nam
677 2407 719 2469 qui
729 2405 851 2462 dubitant,
867 2408 958 2469 partim
966 2405 1023 2456 liant
1033 2408 1060 2456 iu
1068 2404 1115 2471 spe,

240 2469 327 2532 partim
338 2470 447 2520 inmetu.
480 2471 558 2528 Bostar.

240 2535 431 2654 ..fallat
442 2535 489 2646 ln
500 2536 716 2654 planata
726 2535 1000 2661 ingravatur}
1009 2534 1115 2651 lla}

240 2662 279 2727 pel
289 2676 344 2707 unus
353 2662 407 2709 ἀίω.
423 2675 454 2709 ex
462 2675 513 2722 quo
523 2655 656 2726 perspicitur
666 2663 738 2711 etiarn
751 2676 828 2723 gratus
843 2657 890 2707 elle
900 2659 1052 2723 legendum!
1062 2676 1116 2710 cum

240 2723 307 2770 enirn
318 2721 453 2786 pullulasset
463 2724 493 2772 ab
509 2725 592 2773 Attico
607 2728 632 2772 ut
649 2723 672 2774 se
687 2723 812 2780 reviseret,
828 2723 972 2786 pronuntiat
983 2724 1055 2773 illum
1066 2724 1116 2773 nori

239 2784 323 2837 flustra
334 2782 380 2834 esse
391 2799 528 2848 venturum:
545 2802 644 2850 parvum
653 2788 719 2836 enim
735 2788 809 2835 etiam
825 2787 941 2848 temporis
958 2785 1065 2850 spatium
1073 2786 1116 2837 fill

238 2849 300 2897 urile
314 2844 419 2897 futurum
436 2845 501 2899 effe:
517 2864 575 2899 nam
591 2852 649 2914 quin
665 2857 759 2914 gratum
776 2862 872 2912 quoque
888 2849 999 2912 futurum
1016 2849 1046 2900 sir
1066 2860 1113 2900 nort

237 2912 333 2984 ‘oportet
343 2910 428 2961 dicere.
459 2914 517 2961 utile
527 2927 606 2964 autem
616 2949 624 2971 ,
636 2915 693 2977 quia
707 2913 818 2962 dolorem
834 2914 958 2975 animique
974 2911 1013 2962 sui
1024 2916 1114 2981 agritu-

234 2974 318 3024 (lrnem
328 2975 423 3025 levabit.
457 2977 534 3026 Vilior.

268 3047 307 3096 46.
324 3042 476 3104 miliiququs
486 3040 609 3096 lotidem]
625 3040 693 3103 Apud
703 3039 821 3104 quosdam
834 3035 888 3088 rece'
914 3052 955 3091 am
966 3043 1111 3099 teotonem,

237 3104 311 3158 hodie,
329 3117 385 3165 pro,
403 3107 440 3150 hoc
451 3106 521 3161 idam,
538 3119 588 3151 non
599 3103 717 3168 improbat
733 3103 829 3167 quidem
846 3110 881 3153 Bo
890 3119 947 3161 rus,
963 3120 1024 3155 eam
1034 3100 1112 3155 tamen¹

236 3163 345 3226 sequutus
355 3164 388 3213 est
399 3181 473 3233 quam
483 3165 596 3216 referebat
607 3172 747 3215 Decurratus
759 3201 767 3224 ,
786 3181 836 3230 qno
851 3168 948 3218 auslo're
967 3161 1066 3227 edidis,
1080 3170 1113 3215 bre

236 3227 310 3283 idem
326 3240 474 3290 pronomen,
489 3235 545 3287 hoc,
561 3229 624 3278 deest
635 3232 660 3278 in
671 3230 735 3294 vulg.
768 3233 841 3279 cleric.

267 3305 306 3341 47·
322 3293 386 3337 Τῐτο
397 3296 420 3339 ll
432 3296 525 3353 pulsu]
541 3298 578 3341 Ex
590 3293 670 3341 nostro
680 3293 816 3357 probatiore
825 3294 907 3342 codice
923 3298 1027 3358 μηλόσῃ
1037 3290 1112 3361 potius

234 3350 309 3414 quam
320 3353 394 3411 pralon
406 3357 521 3404 eruimus:
536 3356 684 3418 quodetiam
699 3362 833 3406 Germanos
844 3373 874 3405 ex
885 3357 962 3420 prisco
973 3358 1024 3409 illo
1032 3372 1112 3408 exem·

232 3415 294 3480 plari
303 3413 425 3466 adnotasse
434 3418 558 3469 credimus.
574 3422 725 3471 irritantem
741 3420 998 3486 instmmentum,quo
1013 3416 1113 3485 emori

233 3478 365 3531 montorio
381 3480 506 3534 rulnerton
521 3479 683 3548 profunditate
698 3483 882 3549 investiganda:
904 3498 936 3536 ex
948 3500 1003 3552 quo
1016 3484 1111 3601 verb?
