2296 3900
212 150 295 232 1716
348 134 1011 213 niarinuonrcrnus

211 244 303 303 tiones
323 262 399 304 meas
420 245 500 304 nosti.
538 245 597 304 ²2sr
619 243 688 303 veri)
713 246 798 302 etiam
820 242 835 302 i
858 244 976 308 Faberio
991 228 1101 322 aliquid

83 335 175 388 accedit
211 317 355 391 ¹recedit,
374 322 442 380 nihil
455 323 562 397 negotii
576 321 621 380 est.
660 320 804 379 sedetiam
819 320 875 378 fine
897 339 933 380 eo
956 319 1037 396 polle
1055 325 1097 380 vi·

59 404 148 451 carrad.
214 395 283 456 deor
298 397 477 458 contendere.
504 399 652 457 23venales
665 396 740 455 certis
755 397 816 454 sunt
830 397 959 466 mDrus1;
981 395 1097 457 fortasse

59 461 178 514 mDfflss
215 475 245 531 δι
272 488 291 529 a
301 477 429 534 Lamiani
456 477 487 534 bt
509 475 649 534 Cassiani:
676 473 722 531 sed
742 491 846 532 coram.
886 474 933 532 De
956 475 1100 534 Terenn'a·

58 529 192 639 Jssamiffi
213 569 272 638 nun
287 549 396 626 polium
410 540 587 610 commodius
611 551 725 608 scribere
752 548 838 625 quim
852 563 884 608 tu
897 551 997 609 scribis.
1034 552 1098 610 offi-

60 653 170 704 „pmpp
215 642 290 685 crum
304 628 336 686 sit
350 628 429 697 nobis
444 628 671 703 antiquiffimum.
708 625 728 683 s1
741 627 809 702 quid
822 644 874 684 nos
895 627 1048 696 fefellerit,=
1064 629 1097 686 il-·

212 704 263 762 lius
278 705 352 762 malo
379 720 426 762 me
452 703 538 781 quim
562 705 620 763 mei
642 703 785 778 poenitere.
825 703 951 762 240viae
966 704 1001 761 C.
1018 705 1098 764 Lolli·
1122 716 1126 721 '

213 781 332 840 curanda
347 781 407 839 sunt
421 782 494 838 H-S.»
507 798 531 838 c.
552 793 634 840 nevat
649 781 718 838 Eros
731 776 807 854 pulle
822 778 878 837 srne
895 798 960 848 me;
984 782 1094 850 credo,

212 855 290 932 quiid
305 857 463 932 accipienda
477 857 567 933 aliqua
581 825 617 916 sit
629 859 658 914 &
680 856 768 914 danda
793 855 948 915 aestimatio.
987 858 1093 917 vellem

157 977 160 980 .
212 934 262 991 tibi
276 931 389 992 dixisset.
428 933 539 992 sienim
555 952 598 992 res
620 933 676 1001 est,
696 946 727 990 ut
748 933 818 990 mihi
838 932 952 1002 scribit,
972 947 1091 1007 parara;

61 1044 79 1076 o
94 1028 189 1077 aliinon
213 1011 317 1068 necin
341 1028 376 1068 eo
399 1009 457 1085 ipso
479 1013 632 1069 mentitur:
660 1020 757 1083 perte
782 1007 883 1066 confici
898 1012 1003 1083 potuit.
1043 1011 1092 1070 ⁰id

50 1089 173 1144 *aueaid
215 1087 364 1162 cognoscas
384 1088 414 1146 δι
433 1087 562 1146 conficias
585 1088 681 1147 velim.
720 1085 809 1162 Quod
826 1087 916 1144 mein
931 1087 1029 1146 sorum
1045 1104 1095 1146 vo*

1033 1181 1091 1232 eas;

38 1305 67 1318 Px

216 1333 250 1382 ita
261 1333 426 1398 corrigendum
438 1364 447 1390 ,
461 1338 505 1443 vqs
515 1334 590 1381 aedit.-
606 1332 644 1383 vel
658 1366 665 1390 ‚
680 1333 795 1381 Procedit.-
812 1332 884 1398 quale
898 1330 959 1383 illud
971 1331 1093 1383 terentia·

217 1410 291 1445 num:
308 1403 355 1444 Hac
365 1415 405 1444 nou
419 1410 478 1459 proce
494 1401 526 1454 it,
540 1396 590 1444 alni
600 1398 751 1460 aggrediamur
761 1394 811 1446 vid.
844 1401 868 1448 P.
883 1401 980 1448 Manut.

249 1475 287 1507 22.
304 1462 332 1506 Si
347 1461 397 1508 veri
414 1464 480 1511 etiam
497 1460 512 1506 ia
528 1462 616 1508 Faberio
629 1463 728 1506 recedit:
744 1462 802 1506 nihil
812 1463 833 1506 ei
842 1478 867 1507 ne
879 1465 922 1509 otii
937 1461 988 1521 effi]
1001 1457 1090 1508 Disiio⁴

218 1532 275 1569 nem
285 1526 306 1568 ei
316 1522 460 1571 delevimus:
477 1524 502 1571 in
513 1523 584 1571 nullis
596 1525 662 1571 enirn
674 1523 777 1586 antiquis
787 1473 906 1572 codiciius
917 1523 1047 1578 invenitur,
1063 1524 1090 1570 be

217 1583 300 1633 nosiro
311 1585 398 1646 judicio
411 1584 501 1636 sensum
518 1587 651 1635 conturbat.
683 1591 722 1634 De
736 1587 860 1650 emptione
871 1608 884 1642 ,·
896 1587 993 1652 inquit,
1008 1585 1091 1635 hortos

217 1661 271 1696 rum
281 1650 385 1698 rationes
396 1664 461 1700 meas
473 1648 550 1698 nesii:
564 1663 637 1712 quare
647 1647 697 1712 qub
712 1648 823 1713 progredi
839 1649 926 1712 possim
943 1651 995 1701 scis.
1045 1647 1090 1696 ubd

217 1709 235 1758 sr
248 1711 358 1760 Faberius
375 1712 444 1762 nobis
460 1727 551 1761 nomen
570 1712 630 1761 illud
644 1714 790 1775 explicaret,
806 1714 889 1760 omnia
907 1713 1017 1762 faciliae
1035 1725 1093 1768 ent,

217 1782 262 1821 nec
272 1774 349 1824 ullurn
364 1776 472 1824 laborem
489 1775 635 1827 haberemus.
667 1775 755 1823 Faberio
770 1776 836 1824 enirn
847 1791 898 1824 non
914 1779 1001 1824 falerio
1013 1776 1095 1840 legen-

216 1835 276 1885 dum
285 1837 318 1886 est
325 1855 332 1885 ε
340 1839 406 1902 quod
417 1837 568 1904 manuscripti
578 1839 632 1888 libri
642 1838 729 1888 docem
737 1871 744 1894 ,
751 1840 776 1889 δι
788 1852 817 1886 ex
828 1839 880 1887 aliis
891 1839 952 1888 loeis
963 1839 1091 1901 colligitur,

217 1900 244 1949 in
260 1900 344 1964 quibus
355 1901 385 1950 de
396 1903 440 1952 hac
452 1917 477 1951 re
491 1904 582 1951 mentio
592 1902 659 1951 faeta
668 1903 714 1951 est:
731 1915 756 1950 ut
769 1902 815 1950 hoc
827 1904 878 1964 ipso
888 1903 915 1951 in
924 1902 985 1952 libro
995 1901 1092 1962 trPoffint

216 1974 290 2010 autem
305 1966 386 2030 assequi
410 1984 471 2013 necne
491 1978 516 2013 tu
526 1969 596 2013 velim
608 1970 697 2028 cogites:
710 1965 730 2024 fi
746 1969 803 2012 enim
819 1967 963 2014 Faberianam
973 1966 1094 2021 venderem,

216 2029 322 2088 explicare
332 2031 369 2077 vel
378 2031 555 2093 repraefintaaiane
565 2047 606 2076 non
616 2031 744 2078 dubitarem.
767 2034 829 2077 item
840 2027 880 2079 lib.
889 2045 953 2078 xrrr.
974 2031 1094 2095 ‘Reliquum

217 2089 247 2150 est
259 2125 266 2148 ,
277 2105 302 2140 ut
314 2094 336 2152 fi
351 2094 455 2142 Faberius
467 2102 540 2138 nomen
553 2094 611 2139 illud
627 2096 737 2154 explicam
751 2095 798 2137 noli
811 2097 902 2157 quarere
930 2096 1013 2140 nanti:
1031 2096 1096 2138 Otho·

218 2170 267 2200 nem
276 2158 352 2202 vincas
360 2158 418 2206 vala.
452 2153 492 2204 sed
506 2157 531 2204 δι
543 2155 594 2202 aliis
608 2153 674 2204 locis.
708 2160 815 2203 Tantum
830 2154 899 2203 nobis
911 2110 1030 2220 scrupulus
1042 2156 1094 2218 qui·

177 2240 180 2247 ·
218 2215 278 2264 dam
293 2217 362 2266 restat
378 2221 404 2267 in
420 2231 448 2266 ea
462 2232 521 2266 voce
539 2219 637 2264 recedit:
666 2216 800 2266 dubitamus
811 2219 875 2266 enim
891 2232 921 2266 ne
931 2218 968 2266 illi
980 2219 1095 2267 mendum

218 2279 319 2342 aliquod
329 2279 390 2329 insit.
407 2278 509 2329 eandem
519 2293 602 2328 tamen
612 2281 745 2330 invenimus
757 2281 886 2329 lesiionem
896 2283 922 2330 in
937 2281 1030 2330 cunetis
1046 2297 1096 2330 ma·

218 2343 341 2406 nuscriptis
353 2342 481 2393 codicibus.
500 2346 578 2393 Visior.
601 2351 642 2403 „A
654 2346 743 2391 Faberio
754 2347 842 2408 aliquid
853 2347 950 2403 recedit]
981 2348 1096 2408 Se'quutul

219 2403 295 2454 fidem
306 2411 401 2457 Decurt.
413 2409 439 2456 δι
451 2405 555 2455 Ternas.
568 2404 669 2470 reposuit
683 2405 783 2462 Boius,
800 2407 814 2452 ἁ
832 2410 920 2454 Falerio
936 2411 1028 2472 aliquid
1043 2416 1096 2455 rece*

219 2470 255 2515 dit
261 2486 269 2524 3
286 2469 341 2520 ciun
352 2472 377 2518 in
388 2470 490 2535 vulgatis
501 2468 589 2518 deesset
599 2472 694 2532 aliquia.
712 2474 806 2520 Manut.
819 2470 844 2518 in
854 2470 927 2519 verbo
937 2473 1017 2528 recedit
1028 2487 1096 2520 men·

219 2531 278 2580 dum
289 2530 335 2582 effe
345 2533 469 2600 suspicatur
479 2545 507 2580 ac
517 2529 614 2582 sortasse
624 2532 752 2597 legendum
759 2552 768 2589 ,⁴
777 2551 809 2580 res
820 2535 882 2584 aedit.
900 2532 1018 2584 Laminie
1053 2535 1095 2588 nit,

218 2597 308 2659 aliquid
321 2601 422 2660 procedit.
440 2595 571 2660 Lipfius,d
588 2599 676 2646 Faberio
692 2599 770 2646 recidis
781 2595 826 2655 ,id
842 2596 875 2646 est
891 2597 988 2654 aufers,
1005 2599 1021 2646 ll
1038 2634 1046 2650 .
1060 2611 1094 2648 lv'·

221 2661 308 2724 Antiq.
320 2661 386 2710 Lesi.
399 2673 451 2722 cap.
460 2672 495 2713 19.
530 2663 604 2709 cleric.

250 2739 288 2778 23·
308 2726 395 2770 Venales
404 2721 515 2781 certisime
526 2723 621 2781 Druse]
638 2726 693 2771 Haee
705 2724 803 2771 nomina
815 2722 938 2773 honomm
946 2743 957 2780 ,·
969 2736 996 2771 ut
1008 2723 1033 2772 in
1046 2736 1096 2773 meb

218 2784 316 2834 lienibus
328 2784 394 2834 libris
410 2784 493 2848 scripta
503 2785 656 2842 invenimus,
670 2788 710 2842 ,ita
734 2785 882 2849 scripsimus:
905 2787 952 2836 fine
967 2802 999 2836 ne
1014 2802 1094 2837 autern

219 2847 330 2913 integra,
348 2863 392 2897 nec
403 2846 507 2903 scimus,
523 2863 566 2896 nec
582 2848 707 2897 adfirmare
723 2850 842 2898 audemus.
876 2855 914 2899 De
930 2850 1097 2906 huiuscemodi

218 2911 279 2961 locis
290 2911 349 2960 nihil
360 2911 431 2961 tutius
442 2910 488 2960 esie
500 2911 623 2967 existimo,
641 2911 714 2972 quim
724 2926 828 2961 veterem
839 2911 975 2978 scripturam
986 2947 994 2970 ‚
1012 2928 1037 2961 ut
1049 2916 1094 2963 mi·

218 2990 263 3024 nus
275 2976 425 3040 inquinatam
437 2974 593 3024 consulere&
606 2973 740 3024 describere.
776 2980 853 3024 Vilior.

252 3055 291 3098 24.
310 3044 389 3088 oviate
402 3041 467 3086 Lalia'
477 3041 571 3086 curanda
577 3039 642 3099 sant,
659 3040 715 3094 dra]
738 3041 870 3100 Antiquam
887 3036 1020 3087 lectionem
1034 3038 1097 3089 relii·

219 3103 271 3148 tui:
288 3101 318 3150 de
328 3102 375 3151 hoc
384 3116 464 3150 antem
474 3103 575 3150 nomine
586 3100 651 3165 quod
664 3100 730 3149 Oviae
741 3105 815 3150 curari
825 3099 934 3156 volebat,
952 3117 1003 3150 non
1019 3103 1097 3153 multia

219 3163 273 3224 pbst
285 3166 371 3213 iterum
385 3167 453 3228 agit,
476 3172 511 3211 De
528 3169 587 3211 ovia
602 3165 676 3225 confice
692 3179 716 3210 ur
726 3166 813 3223 scrisis,
846 3170 907 3213 ltem
925 3167 999 3214 tertio
1016 3200 1024 3223 ,
1047 3175 1097 3215 cnm

219 3226 280 3270 Oraia
290 3227 355 3290 quafh
366 3232 453 3289 quidem
465 3241 489 3274 att
499 3227 629 3288 conficiatur.
664 3227 736 3289 Quod
747 3242 826 3276 autem
833 3229 905 3292 pauli>
916 3226 968 3290 Pbst
973 3229 1025 3288 fors
1035 3230 1099 3294 lege·

220 3283 302 3344 batur,
318 3289 459 3337 mendosum
478 3302 546 3338 erat:
564 3306 609 3353 pro
616 3291 664 3348 fars
677 3293 748 3355 igitur
764 3297 820 3338 Eros*
834 3291 979 3340 emendavi:
997 3293 1017 3341 is
1033 3298 1098 3344 enim

221 3350 327 3399 rationes
339 3354 458 3401 numarias
470 3352 586 3400 tristabat
598 3355 730 3404 Ciceronis.
754 3356 824 3417 origo
838 3355 905 3412 buius
922 3353 1099 3418 depravationis

216 3410 286 3528 ἓξ»,
302 3413 371 3479 qdod·
384 3430 455 3481 ptos
478 3414 585 3467 librarius
599 3415 619 3477 f
635 3416 693 3481 legit
706 3433 714 3467 t
729 3418 756 3469 id
778 3418 826 3469 hec
844 3419 910 3470 enim
930 3416 989 3483 sape
1010 3430 1100 3484 peccat.

989 3561 1029 3603 ις.
1049 3544 1106 3597 osus
