2296 3900
205 121 288 186 2183
349 119 549 185 Epist.
579 133 661 188 'An
700 116 958 183 huonon

211 223 283 288 e'ffici
297 228 372 307 polle
386 218 535 290 arbitrabar.
554 246 556 267 ³
570 228 664 288 Studia
676 224 735 288 non
748 227 867 289 deerunt
879 228 954 289 arma
965 231 1073 306 polcen
1091 272 1094 281 -

211 308 300 377 tium,
319 323 440 384 quorum
466 306 636 383 repressimus
656 307 793 380 impetum
822 306 1007 391 ardoremque
1039 327 1094 368 rs-

209 382 359 456 stinximus.
397 384 494 460 Itaque
508 384 591 441 resin
607 399 673 440 eum
695 383 791 440 locum
815 396 954 454 venerat,
982 397 1014 442 ut
1031 385 1070 445 nii
1088 430 1097 451 .,

212 458 311 518 Caesari
326 458 564 519 Octavianodeus
577 459 690 535 quidam
706 459 780 516 illam
795 471 924 517 mentem
948 458 1069 532 dediffet,

208 536 238 593 in
251 537 413 611 potestatem
428 534 595 610 perditiffimi
615 535 736 593 hominis
763 535 793 593 &
809 535 954 610 turpiflimi
971 538 1015 595 M.
1024 539 1068 596 An·
1093 542 1101 603 ζ

63 623 190 673 hisarn-
208 612 281 670 tonii
293 613 463 671 veniendum
484 610 609 670 hfueritt
630 627 751 687 quorum
773 610 850 670 vides
871 612 930 670 hoc
952 625 1064 687 tempore
1095 628 1102 675 t

62 687 163 760 mlii
209 687 290 762 ipse,
317 689 392 764 quod
415 686 469 756 sit,
488 698 679 763 quantumque
699 698 855 747 certamem
873 733 875 736 <
891 687 926 746 ld
953 689 1066 764 profedd
1099 742 1103 749 .

60 749 113 800 ‘'¹¹¹²-
212 763 317 823 nullum
333 762 414 833 effet,
433 764 483 822 nisi
496 777 558 828 tum
576 763 749 822 conservatus
762 760 828 821 effet
840 764 998 823 Antonius.
1028 765 1066 825 Sed
1101 766 1105 772 ’

104 845 159 904 nag.
197 841 270 919 shaec
284 843 395 899 omitto.
421 858 462 899 res
478 841 553 898 enim
567 837 583 897 a
598 851 626 899 te
639 837 710 914 gesta
732 840 921 899 memorabilis
951 843 982 899 δι
1001 841 1065 917 paenl

61 917 192 977 ΜΨ·
203 915 321 976 ‘caelestis
335 914 456 992 irepellit
468 919 566 988 ornn'es
581 915 818 991 reprehenfiones:
838 917 946 991 quippe
962 935 1025 994 quae
1040 936 1067 976 ne

59 965 192 1078 affffib
210 991 290 1051 laude
303 993 418 1070 quidem
432 991 604 1052 satis'idonea
625 991 696 1064 affici
718 993 807 1068 poffit.
846 992 981 1051 Exstitiili
995 1011 1065 1070 nuper

91 1045 113 1091 ²*
193 1066 285 1127 ‘vultu
300 1070 412 1128 severo:
433 1070 602 1149 exercitum,
622 1069 737 1143 copias,
757 1069 880 1144 legiones
895 1069 1014 1128 idoneas
1030 1088 1065 1145 per

206 1156 235 1204 te
250 1145 325 1205 brevi
338 1159 464 1220 tempore
479 1143 647 1219 comparasti.
687 1143 735 1202 Dii
748 1144 922 1203 immortales
940 1149 947 1201 l
976 1147 1019 1222 qui
1031 1147 1065 1205 ille

206 1222 341 1291 nuntius,
360 1239 424 1298 quae
444 1221 498 1285 illae
518 1220 641 1289 litterae,
660 1237 724 1296 quae
744 1221 838 1279 laetitia
859 1220 996 1291 senariis,
1013 1240 1064 1298 quae

206 1298 326 1358 alacritas
340 1297 455 1357 civitatis
470 1301 541 1354 erat!
562 1296 629 1355 nihil
650 1313 784 1371 umquam
798 1296 857 1356 vidi
869 1309 932 1356 tam
948 1300 1064 1358 omnium
1102 1365 1105 1375 ¹

205 1373 384 1433 consensione
414 1372 564 1432 laudatum.
603 1371 669 1430 Erat
697 1372 862 1448 exspectatio
898 1374 1064 1451 reliquiarum

204 1451 324 1510 Antonii
339 1470 346 1507 :
375 1467 460 1526 quern
483 1450 605 1525 equitatu
622 1449 830 1524 legionibusque
845 1467 952 1524 magna
966 1469 999 1508 ex
1012 1465 1071 1524 par·

203 1538 233 1586 te
246 1526 377 1601 spoliaras.
416 1529 449 1583 e'a
462 1542 576 1601 quoque
589 1525 683 1583 habuit
695 1525 801 1583 exitum
815 1525 980 1601 optabilem.
992 1528 1065 1586 Nam

203 1613 261 1662 tuae
274 1602 371 1661 litterae
386 1644 395 1670 ,
414 1619 479 1677 quae
493 1603 613 1671 recitatae
627 1602 656 1659 in
668 1600 761 1660 senatu
775 1601 837 1660 sunt
851 1644 859 1672 ,
880 1603 1066 1678 &imperato

160 1685 163 1690 '
201 1679 237 1738 ris
251 1678 413 1746 confilium,
433 1678 463 1737 &
476 1678 595 1736 militurn
609 1678 739 1736 virtutem
761 1720 770 1746 ‚
790 1679 820 1736 δι
836 1677 996 1738 iudustriam
1009 1691 1066 1738 tuo·

198 1771 262 1814 rum
278 1796 287 1823 ‚
306 1756 335 1814 in
376 1754 454 1813 uibus
477 1754 618 1813 Ciceronis
639 1755 717 1823 mei,
745 1753 894 1814 declararit.
933 1755 1020 1831 Quod
1048 1755 1064 1814 fi
1097 1788 1103 1797 ·

75 1899 76 1903 η
116 1895 117 1900 ,
144 1878 167 1885 <r
196 1833 250 1891 tuis
264 1831 350 1905 placu'
373 1841 401 1889 et
421 1829 456 1889 de
476 1828 517 1889 his
536 1830 630 1888 litteris
649 1830 742 1887 referri
762 1873 771 1898 ,
792 1830 822 1888 δι
841 1829 893 1888 nifi
912 1832 944 1890 in
963 1844 1063 1906 tempus
1100 1842 1105 1907 i

81 1913 83 1916 ‘
141 1916 160 1927 ”
197 1906 455 1966 turbulentiffimum
469 1905 528 1981 poll
549 1903 688 1964 discessum
709 1905 801 1964 Pansae
822 1906 942 1966 consulis
964 1907 1062 1967 incidis·
1095 1914 1105 1944 ‘¹

197 1983 279 2052 sent,
299 1984 389 2042 honos
415 1988 529 2059 quoque
553 1982 636 2056 justus
656 1984 685 2040 ὅτ
706 1982 811 2040 debitus
831 1982 883 2041 diis
907 1984 1063 2043 immortali·

196 2060 247 2118 bus
260 2059 384 2119 decretus
398 2057 473 2117 effet.
493 2074 495 2079 ·
509 2058 583 2116 Ecce
598 2060 646 2116 tibi
658 2057 722 2118 idib.
736 2057 823 2132 April.
849 2059 967 2118 advolat
989 2059 1060 2118 mand

197 2136 270 2194 celer
290 2137 361 2208 Pilus
377 2178 386 2205 ‚
404 2138 453 2211 qui
475 2135 515 2192 vir
530 2138 538 2209 ¹!
567 2134 604 2192 dii
625 2135 690 2192 boni
707 2175 716 2201 ,
736 2134 821 2208 quam
843 2137 961 2210 gravis!
983 2137 1065 2214 quim·
1102 2200 1105 2211 ,

196 2211 344 2270 constans!
365 2211 450 2287 quam
471 2211 606 2269 bonarum
628 2212 657 2269 in
678 2210 814 2284 republica
834 2213 982 2286 partium!
1010 2214 1061 2272 Hic

196 2287 318 2363 epistolas
332 2287 513 2354 affertduas,
532 2304 617 2345 unam
637 2300 687 2345 tuo
709 2287 849 2355 nomine,
869 2287 987 2349 alteram
1008 2289 1061 2346 An·

194 2364 273 2422 tonii.
299 2362 345 2421 dat
365 2363 479 2427 Servilio
493 2363 610 2420 ¹tribuno
631 2362 721 2438 plebis.
759 2363 803 2420 ille
830 2365 982 2424 Cornuto:
1001 2365 1061 2423 reci·

194 2451 286 2498 tantur
299 2439 328 2497 in
341 2438 442 2497 senatu.
480 2439 538 2496 Au
549 2456 642 2504 tour
652 2461 671 2496 u
678 2459 698 2516 J„
708 2459 759 2496 nn
770 2455 875 2498 ocos.
902 2458 1006 2516 magna
1020 2440 1062 2499 ad-

194 2517 321 2583 miratio,
340 2514 403 2574 utsr
420 2512 484 2573 effet
505 2516 647 2574 recitatum
656 2557 669 2584 „
679 2516 929 2574 v-Dorluuirs
959 2535 1060 2576 runt·

195 2612 214 2650 a
227 2615 244 2649 n
255 2612 272 2650 τ
282 2611 300 2648 ο
309 2613 348 2659 n,
367 2590 383 2650 d
401 2609 459 2666 quo
472 2591 587 2667 quidem
602 2604 733 2652 renuant
746 2591 892 2651 tabellarii:
914 2593 964 2653 sed
977 2611 1058 2653 nemo

192 2667 244 2727 Pili
259 2663 348 2725 similis
364 2709 373 2735 ‚
392 2670 440 2743 qui
454 2667 579 2739 proferre,
589 2666 688 2726 litteras
702 2667 837 2737 auderet,
857 2681 905 2727 aut
927 2669 1061 2744 magistra-
1103 2691 1105 2703 ¹

191 2743 262 2802 tibus
283 2743 403 2802 reddere.
442 2742 517 2801 Tuae
540 2745 709 2812 recitantur,
729 2744 823 2802 breves
843 2745 899 2802 illae
922 2745 1059 2820 quidem,

192 2820 281 2889 sedin
293 2820 453 2878 'Antonium
466 2818 620 2877 'admodum
634 2820 727 2889 lenes:
748 2819 931 2878 vehementer
946 2820 1060 2879 admira·

191 2906 235 2954 tus
254 2895 376 2968 senatus
395 2894 474 2955 nihi
495 2908 587 2953 autern
618 2913 677 2954 non
698 2907 755 2953 erat
775 2896 971 2971 explicatum,
1018 2892 1060 2955 uid

191 2968 313 3046 agerem.
352 2969 426 3047 falsas
453 2969 601 3052 dicerem?
627 2972 695 3048 quid
716 2971 736 3029 fi
757 2983 788 3028 tu
810 2988 855 3031 eas
868 2913 1059 3047 approbades?

145 3110 148 3115 ,
195 3045 409 3108 confirmarem?
429 3065 488 3105 non
508 3060 565 3105 erat
585 3046 721 3124 dignitatis
741 3059 810 3108 tuae.
835 3048 931 3123 itaque
946 3047 993 3106 ille
1007 3049 1059 3107 dics

195 3120 312 3183 silentio,
351 3123 479 3183 Postridie
493 3136 606 3192 autern,
626 3123 690 3182 cum
705 3122 796 3187 sermo
810 3122 1001 3189 increbruillet
1020 3125 1058 3182 Pi·

191 3196 288 3272 lusque
301 3199 602 3258 oculos-vehementibs
616 3201 766 3258 hominum
781 3197 1059 3268 offendillet,natum

84 3288 110 3337 r.
124 3289 151 3338 u.
192 3275 311 3334 omnino
333 3273 370 3332 est
397 3276 562 3350 principium
591 3273 608 3333 d
637 3294 704 3348 meg
731 3277 777 3334 De
804 3275 913 3352 procos.
933 3277 1060 3334 Antonio

176 3350 300 3433 ,multas
329 3349 483 3425 {⁸SeXtius,
504 3351 590 3412 causae
615 3369 675 3415 uon
689 3352 795 3416 'desiit
832 3350 896 3412 Post
929 3368 1059 3422 mecum:

236 3441 240 3446 ’
359 3446 362 3451 ’
474 3449 477 3455 ’
742 3463 744 3468 ·
958 3441 1060 3507 ‘lulum
