2296 3900
230 102 312 178 2166
374 104 569 170 Errsr.
611 118 683 165 nr>
723 98 981 166 Bnorurr

131 194 134 205 ¹
228 209 276 275 vi,
296 208 387 298 paulic>
394 209 490 345 fiores
503 211 534 270 in
546 208 639 297 senatu
654 209 800 297 malivolos
814 206 870 269 effe
894 207 994 300 quim·
1005 224 1102 289 grator.

228 283 287 351 Eos
303 303 352 361 per
365 305 394 373 19
405 304 436 347 os
464 286 521 345 dres
548 285 633 345 effudi
654 286 694 362 (fi
713 298 750 345 rra
770 293 832 361 vis)
851 287 973 347 honores
984 306 1015 349 rn
1028 307 1100 350 mor·

84 411 191 467 CM
229 371 317 431 tuos,
336 363 460 422 Hirtium
478 363 655 432 &Pansam
676 362 808 439 Aquilam
826 365 922 423 etiam·
953 365 1030 441 quod
1042 367 1100 442 quis
1138 394 1140 447 3

107 492 176 528 om
190 438 203 450 ‘
231 439 406 525 reprehendit
413 482 429 526 ‚·
442 437 491 498 nifi
504 439 570 515 qui,
590 438 717 514 deporto
735 453 835 509 metu,
855 442 992 529 praeteriti·
998 443 1101 528 pericu.

82 494 106 531 ‘¹
231 511 285 573 ur

83 544 135 592 atii.
286 528 355 575 uerrt
375 512 502 575 oblrtus?
529 516 690 575 Accedebat
711 516 748 574 ad
767 516 915 577 cbeneficii
936 534 1100 579 memorum
1138 560 1140 571 .

117 608 142 654 r.
164 605 191 651 lt.
232 604 336 664 gratem
357 594 427 651 ratio
446 591 518 662 iila,
543 610 609 669 quae
628 594 713 651 etiam
733 589 866 667 dposteris
898 588 965 651 effet
983 594 1101 654 saluum

85 662 194 779 uu
606 668 1100 806 {irritum-rvris

86 794 263 965 &thcoss
276 820 402 895 probari,
416 763 499 956 {uod
513 823 547 882 ab
561 765 614 881 tulis·
629 765 820 891 fumiiiaribug,
840 765 955 898 optimis
976 822 1027 881 iliis
1048 824 1099 900 qui·

88 919 139 966 att.

235 895 301 956 dem
316 899 403 968 viris,
439 897 475 957 ed
494 902 524 959 in
547 900 685 974 republica
745 899 844 967 dibus,
870 918 932 959 non
953 898 1098 974 probatur,

193 1036 195 1041 ,
254 971 334 1042 uod,
354 987 385 1033 ut
406 977 502 1035 ovanti
522 977 637 1036 introire
659 916 759 1033 Caegrri
778 975 898 1042 liceret,
920 975 1095 1035 decreverim.

90 1059 213 1111 ferinis
278 1065 405 1109 otutem
426 1051 484 1119 (sed
497 1069 560 1111 erro
574 1047 683 1110 fortaffe
701 1071 708 1107 :
729 1068 782 1109 nec
794 1049 908 1111 ftranen
929 1052 952 1109 is
973 1050 1035 1109 sum
1050 1094 1059 1120 ,
1074 1064 1098 1112 ut

92 1124 299 1184 cant-varmo
312 1143 359 1185 me
374 1127 497 1187 maxime
512 1128 662 1199 delectent)
681 1128 748 1187 nihil
762 1127 832 1185 mihi
845 1126 946 1187 videor
964 1127 1024 1187 hoc
1037 1127 1096 1187 bello

230 1200 337 1261 senfiffe
351 1204 518 1279 prudentius.
557 1204 616 1263 Cur
629 1216 722 1262 autem
738 1205 778 1263 ita
798 1202 831 1263 fit
850 1203 1036 1278 aperiendum
1050 1222 1098 1263 non

231 1279 288 1346 est,
307 1297 344 1339 ne
359 1282 445 1355 magis
459 1281 552 1339 videar
566 1280 697 1356 providus
725 1276 803 1338 fuiffe
823 1278 910 1354 quim
933 1292 1034 1356 gratus.
1053 1281 1099 1341 hoc

231 1353 321 1430 ipsum
346 1357 475 1417 nimium.
514 1374 599 1433 quare
626 1358 676 1415 alia
700 1355 855 1415 videamus.
890 1356 930 1415 D.
951 1355 1039 1414 Bruto
1057 1356 1098 1414 de·

232 1433 310 1490 crevi
323 1432 462 1502 honores,
482 1433 593 1493 decrevi
610 1433 646 1491 L.
659 1431 770 1491 Planco.
788 1432 921 1492 Praeclara
934 1433 982 1491 ilia
996 1431 1098 1510 quidem

236 1507 365 1582 ingenia,
385 1527 450 1586 quae
463 1507 549 1585 glorie
569 1509 743 1569 invitantur:
769 1507 815 1567 sed
835 1507 944 1569 senatus
966 1510 1049 1569 etiam
1068 1509 1101 1568 sa·

237 1584 332 1657 piens,
351 1587 417 1672 qui,
436 1603 491 1662 qus
505 1602 646 1662 quemque
661 1603 690 1642 re
704 1594 798 1658 putat,
818 1584 908 1645 modo
922 1585 1057 1654 honesta,
1072 1585 1102 1643 ad

237 1658 435 1734 rempubhcam
447 1661 600 1738 juvandam
615 1658 690 1735 poffe
702 1659 819 1729 adduci,
837 1662 890 1721 hac
902 1662 998 1721 utitur.
1035 1661 1102 1721 Atin

237 1735 349 1806 lepido
363 1736 610 1813 reprehendimur:
631 1739 676 1797 cui
690 1735 755 1796 chm
772 1736 887 1797 statuam
908 1739 939 1797 in
960 1736 1048 1797 rostris
1059 1736 1104 1797 sta·

170 1815 174 1821 “
237 1809 399 1887 tuiffemus,
418 1814 505 1875 iidem
525 1814 600 1875 illam
622 1814 780 1874 evertimus.
818 1814 880 1875 Nos
900 1814 981 1875 iilum
1000 1815 1102 1875 honore

1056 1891 1103 1951 stu.

237 2115 317 2173 navit,
332 2129 476 2179 coquerem
487 2115 544 2163 dum
554 2112 680 2178 tepreffum
689 2114 722 2164 est
734 2114 781 2164 hoc
791 2113 897 2169 malum,
913 2111 953 2162 sed
963 2114 989 2163 in
1001 2112 1071 2170 dies,
1082 2126 1102 2164 ut

237 2179 326 2235 video,
342 2179 506 2242 {erpitmagis
536 2174 561 2224 id
572 2176 632 2226 adeo
642 2179 670 2227 iis
681 2178 759 2231 libris,
776 2177 817 2240 qui
846 2175 1102 2240 uotidietypographo·
1138 2202 1140 2209 ·

236 2238 449 2355 Eumbfflomnffim
460 2255 488 2351 21
502 2237 602 2315 officinis
613 2241 741 2318 prodeunt,
759 2241 828 2304 legen
847 2240 865 2285 's
876 2239 998 2352 intendito.
1034 2240 1101 2288 Hicin

223 2314 972 2428 .remma‚circamanentium
995 2313 1103 2414 ‘sert

240 2428 332 2484 hitavi,
355 2430 413 2491 quin
430 2431 464 2478 ita
479 2427 542 2477 reue
562 2429 697 2489 legeretur,
717 2426 782 2477 sensu
795 2427 851 2477 satis
866 2439 959 2490 aperto.
992 2443 1073 2484 nunc,
1091 2427 1104 2478 a

240 2487 379 2541 neffarionis
397 2491 459 2542 libro
473 2491 628 2547 motionem,
655 2496 793 2547 numeriam,
818 2503 872 2537 cum
893 2489 1001 2539 viderem
1022 2487 1103 2548 abesse,

240 2550 352 2605 omiffam
362 2553 464 2618 primum
474 2553 565 2603 incurii
575 2553 663 2603 librasii
674 2552 723 2602 sum
734 2555 857 2617 opinatum
874 2551 960 2603 deinde
967 2566 1034 2606 ‚cum
1045 2567 1105 2602 aocu·

239 2618 312 2666 ratius
328 2618 434 2666 animum
450 2613 618 2672 intendiffem‚
641 2631 653 2664 a
672 2618 729 2665 novi
745 2619 889 2670 veritatem,
905 2618 950 2671 hc,
965 2620 1105 2673 memoriam,

241 2678 361 2729 abundare
369 2677 459 2743 prossus
468 2679 583 2740 iudicavi,
600 2694 633 2742 qu
677 2679 798 2727 anemine
813 2676 889 2727 haeret
905 2677 1103 2728 animadversum:

243 2745 270 2793 δι
281 2743 314 2792 est
323 2743 481 2806 pulcherrima
489 2742 613 2791 sententia.
646 2743 714 2796 ideo,
729 2740 822 2803 inquit,
836 2738 957 2798 decrevit,
973 2753 1000 2789 ut
1013 2744 1038 2790 in
1047 2740 1105 2790 fenis

242 2803 274 2856 ad
284 2821 339 2856 euna
349 2805 430 2861 diem,
451 2820 501 2868 quo
512 2805 586 2852 viteus
598 2801 657 2861 effes
671 2803 702 2852 ad
712 2806 833 2853 Mutinam
843 2803 977 2860 Antonius,
992 2805 1058 2855 Bruti
1067 2819 1107 2852 ne·

242 2882 301 2918 rnen
310 2866 488 2925 adscriberetua3
504 2869 561 2930 quia
571 2880 654 2915 notam
665 2865 712 2915 effe
721 2868 746 2915 in
757 2865 822 2917 fastis
833 2864 959 2922 volebam,
973 2881 1027 2930 que
1038 2867 1107 2917 viee

242 2932 304 2982 riam
313 2932 382 2980 iilam
392 2929 475 2980 futuris
484 2932 558 2979 etiam
568 2928 676 2993 gentibus
687 2928 813 2978 testaretur.
831 2943 916 2978 notam
933 2930 999 2978 enim
1015 2930 1054 2978 hic
1069 2945 1108 2994 pro

243 2991 313 3056 figno
327 3008 355 3042 ac
372 3005 531 3042 monumento
548 2991 653 3053 quodam
669 2994 780 3057 accipio.
806 2992 873 3055 quod
892 2990 978 3056 quibus
991 2993 1109 3044 occsurum

242 3055 303 3112 fvit,
314 3058 345 3114 ii,
361 3061 498 3113 memoriam,
512 3053 542 3103 de
553 3055 594 3104 suo
605 3053 759 3113 intruserunt,
773 3068 799 3103 ut
809 3052 880 3111 eiset,
894 3069 966 3101 noram
976 3060 1107 3105 memorien.

243 3118 370 3168 confirmat
381 3120 451 3183 igitur
462 3118 566 3168 nostram
575 3119 747 3168 coercitionem
757 3116 862 3182 peiurium
871 3117 926 3169 libai
938 3116 979 3167 scri
1008 3120 1016 3167 i
1032 3118 1110 3167 custo

245 3183 320 3236 ritas,
342 3180 431 3231 deinde
445 3181 578 3237 sententia,
601 3196 675 3244 quarn
690 3196 737 3245 ego
752 3182 777 3230 in
791 3181 835 3230 hac
855 3179 974 3231 emeodan
993 3182 999 3192 '
1020 3184 1109 3232 rarione

246 3244 354 3293 maxime
365 3243 430 3292 soleo
441 3243 542 3308 spectare
556 3260 565 3300 ς
581 3242 716 3307 postremoi
735 3243 805 3294 semet
818 3246 903 3294 cicero
913 3279 922 3301 ‚
938 3245 980 3305 qui
990 3243 1075 3293 αάαιι
1084 3243 1110 3293 de

245 3260 1111 3436 strsrttfsmztmtsvttus·reformatae

248 3436 275 3483 P.
287 3434 384 3491 Manet,

1032 3502 1070 3554 69.
1086 3499 1109 3543 Ia
