2296 3900
188 117 388 185 Erit-r.
429 134 502 189 no
543 119 848 183 Arrrcum.
878 133 966 203 :1703

53 226 148 287 -nihil
168 227 260 291 habeo
286 227 323 287 ad
343 240 372 288 te
387 226 667 305 quod-perscribam:
686 223 733 285 sed
747 237 844 285 tamen
856 224 967 287 institui

72 303 207 379 quotidie
220 306 349 374 mittere,
370 318 402 363 ut
420 305 528 365 eliciam
541 314 601 363 tuns
621 304 723 363 litteras
739 321 748 369 ;
768 318 829 361 non
842 302 901 379 quo
914 304 964 363 all·

72 380 147 455 quid
161 398 196 438 ex
208 380 253 439 hir
272 382 452 457 exspectem
479 379 527 439 sed
546 381 640 440 nescio
664 394 723 454 quo
743 377 832 437 modo
860 390 958 441 tamen

75 455 218 531 exspedlm
256 476 342 535 quare
362 458 419 517 five
440 456 523 516 habes
543 457 654 533 aquid,
680 453 743 523 live
762 454 831 517 nihil
851 454 935 517 habes
950 491 985 528 ,ῃ
1001 477 1109 545 (ῑκῃω,1

78 531 165 593 scribe
178 545 275 603 tamen
291 535 412 613 aliquid,
432 548 517 612 teque
531 551 605 593 cura.
969 539 1098 599 sennenn.

334 688 597 747 rarsrorn
628 689 707 739 urit

292 828 475 897 CICERO
503 826 699 896 ATTICO
727 823 754 891 S.

140 991 339 1051 Ouuovrr
368 1009 417 1053 me
438 993 533 1051 Attica
548 1015 557 1061 t
592 988 640 1051 etii
654 988 683 1032 ⁸⁸
691 986 820 1049 assentior
833 988 960 1049 Cratero.

150 1066 224 1127 Bruti
246 1068 370 1139 litterae,
396 1070 503 1144 scriptae
530 1070 560 1128 δε
586 1068 736 1144 prudenter
770 1066 800 1124 &
843 1066 959 1136 amice,

80 1141 181 1202 multas
195 1142 263 1216 n'rihi
277 1158 373 1204 tamen
386 1145 510 1205 lacrimas
524 1145 682 1204 attulerunt.
719 1143 771 1203 Me
786 1143 848 1199 haec
862 1141 958 1203 solitu·

78 1215 119 1289 do
133 1219 222 1280 minis
237 1221 356 1281 stimulat
382 1223 467 1298 qulm
490 1222 536 1281 illa
554 1222 703 1281 celebritas.
740 1231 769 1277 tc
783 1236 871 1277 unum
887 1218 957 1278 defi·

80 1292 172 1364 dero;
192 1296 260 1357 hsed
273 1300 367 1363 litteris
379 1318 446 1359 non
474 1297 607 1357 difficilius
637 1311 704 1379 utor
729 1293 816 1373 quim
836 1294 856 1353 sr
876 1295 979 1355 domib
994 1297 1033 1375 sud

78 1366 180 1432 effen:
200 1374 283 1433 arddr
296 1387 392 1437 tamen
406 1375 560 1443 cileidem
574 1387 654 1450 urget
669 1376 699 1433 δε
713 1383 808 1431 manet
822 1414 830 1442 ,
850 1370 880 1426 ⁸9
894 1390 954 1432 non
964 1364 989 1413 ἃ
1001 1364 1045 1442 ¹¹53,
1054 1367 1108 1426 ‘'¹³'-

76 1448 237 1509 mehercule
250 1451 410 1529 indulgente
424 1470 489 1521 mc,
508 1452 555 1511 sed
573 1465 669 1511 tamen
689 1468 750 1509 uon
774 1461 953 1524 repugnante.
964 1429 1082 1539 summ

77 1524 169 1600 Qu'od
182 1526 270 1593 scribit
283 1530 319 1601 de
336 1528 475 1613 ripulcjo,
492 1529 561 1599 nihil
572 1542 642 1613 puto
654 1544 725 1605 opus
747 1522 801 1589 effe
822 1538 870 1585 tua
884 1544 955 1587 con·
991 1503 1039 1556 Ψ·

890 1615 956 1665 ten·

114 1759 151 1802 tr.
167 1755 291 1814 „Adsentior
300 1762 403 1815 cratera]
417 1755 662 1819 Medieo‚affirmanti
671 1754 742 1805 nobis
753 1752 783 1805 de
792 1754 877 1809 Attice
887 1770 955 1811 more

43 1862 46 1869 ,
77 1810 192 1872 bo,nilril
203 1818 296 1881 gravius
308 1816 441 1868 timendum
452 1819 510 1869 elle:
521 1818 612 1870 etiamsi
623 1820 667 1867 illo
678 1819 764 1869 diutius
774 1824 874 1868 tenetur.
891 1822 952 1869 Cra·
983 1856 987 1867 .

79 1889 143 1925 tetus
159 1878 205 1928 fuit
221 1880 327 1939 medicus
343 1880 505 1931 celeberrimus
520 1896 588 1932 aetate
603 1884 727 1935 ciceronis,
747 1885 772 1930 δι
788 1881 904 1947 Augusti,
924 1894 952 1931 ut
978 1920 991 1947 ,

77 1941 167 1991 numm
179 1942 208 1993 fit
220 1945 322 1994 Plinium
334 1945 359 1993 in
371 1948 603 1995 commemoratione
618 1945 741 1992 illustrium
759 1944 905 1993 medicorum
923 1946 954 1993 il·

75 2004 128 2061 lum
144 2004 293 2069 preteriiffet
309 2022 383 2071 quem
401 2008 521 2058 celebrant
536 2008 649 2065 Horatium
665 2008 754 2057 l'rb.11.
772 2010 853 2072 Satyra
864 2021 911 2059 ur.
927 2010 954 2065 lle

79 2067 167 2119 renim
177 2075 251 2134 satyr.
259 2085 306 2132 ιιι,
338 2076 427 2134 Papma.
609 2118 612 2123 ,

109 2141 147 2185 89.
161 2140 210 2181 Non
219 2135 336 2182 mehercule
345 2136 525 2202 indulgentem,
537 2132 578 2194 sed
590 2126 662 2181 timu
677 2138 821 2195 ceptorum]
852 2106 955 2197 elegati-

74 2205 133 2245 vam
142 2198 282 2261 particulam
291 2192 369 2247 deeffe
379 2198 483 2245 arbitrari
494 2198 585 2252 lumua,
600 2210 704 2260 eamque
715 2194 876 2260 reposuimus,
892 2209 918 2245 ur
928 2194 953 2246 se

75 2257 140 2313 dicar
149 2275 200 2309 non
212 2258 267 2309 sane
278 2260 400 2324 indulgere
410 2259 524 2309 dolori&
536 2259 621 2319 fletui:
638 2274 690 2307 non
705 2272 788 2307 tamen
803 2274 951 2325 magnopere

76 2328 205 2385 repugnate
217 2322 368 2372 &relideret
386 2322 490 2372 officium
501 2322 641 2373 eniminum
652 2319 699 2371 eise
713 2320 861 2372 existimabar
875 2354 884 2378 ,
898 2323 954 2372 obi·

76 2396 130 2439 tum
140 2399 190 2434 ram
201 2384 276 2446 suevia
287 2390 312 2436 δι
322 2400 381 2435 care
390 2386 445 2434 filie
455 2384 514 2434 iletu
531 2386 689 2450 lacrymisque
700 2384 819 2436 decorare.
852 2384 918 2450 quod
931 2384 950 2439 si

75 2447 128 2495 vim
137 2447 226 2497 feeissa
237 2449 329 2504 dolori,
347 2450 380 2498 ita
392 2462 418 2497 ut
429 2448 444 2497 i
454 2447 512 2503 fletu
526 2452 628 2499 omnino
639 2448 681 2497 sibi
692 2460 851 2512 temperaret,
865 2449 889 2497 ie
898 2464 951 2498 non

75 2510 226 2561 mediocriter
237 2525 386 2576 peccaturum
396 2509 443 2563 elle
453 2510 577 2570 judicabar.
609 2510 751 2571 lneaudem
763 2512 907 2560 sententiam
923 2516 950 2563 nt

72 2575 118 2627 illa
130 2574 192 2623 dieta
202 2576 269 2634 sunt,
284 2580 399 2625 Martum
409 2578 499 2622 minui.-
515 2574 626 2624 dolorem
643 2587 689 2620 nee
703 2575 788 2638 potui,
805 2588 849 2621 nec
864 2571 953 2637 lipol-

74 2634 145 2693 sem,
161 2638 256 2688 vellem.
288 2637 404 2701 Quamvis
413 2650 492 2687 autem
508 2640 580 2700 paulo
615 2636 653 2691 ost
668 2636 750 2692 dicar,
766 2634 792 2684 se
804 2634 950 2701 lietuirepu·

74 2715 164 2764 gnare,
179 2715 232 2749 tum
242 2702 334 2765 inquit:
348 2708 377 2749 In
386 2704 492 2748 moniti
505 2705 574 2747 omnis
583 2653 654 2760 ἔνων
667 2700 695 2759 est
710 2716 757 2745 cum
773 2701 872 2746 litteris.-
899 2718 950 2747 em

73 2778 149 2810 tamen
159 2766 279 2825 interpellat
288 2766 364 2821 flerat,
379 2767 415 2810 eui
425 2778 512 2827 retugna
524 2765 595 2825 quoad
601 2764 698 2827 poffum:
715 2777 766 2810 non
776 2762 864 2811 mirum
876 2762 950 2813 videri

74 2824 159 2881 debet,
176 2840 220 2873 nec
231 2825 314 2874 nostre
324 2825 470 2889 castigationi
482 2826 614 2875 adversatur
621 2842 634 2874 t·
644 2827 669 2873 in
679 2837 749 2875 tanto
760 2825 825 2874 enim
837 2822 948 2899 casunon

72 2886 950 3013 {tltmrtttltltitt‘zttltltttt‘tttbttuttifs‘rt‘t

70 3017 161 3063 vultum
175 3016 245 3075 ipsam
263 3014 298 3078 (fi
313 3013 402 3078 queam)
416 3015 573 3075 reficiendum:
594 3016 659 3077 idque
669 3014 753 3073 faciens
767 3014 875 3058 interdum
890 3016 948 3062 mitt

64 3091 153 3142 peccaro
183 3080 284 3124 videor:
316 3083 425 3123 interdum
442 3091 564 3139 precaturus
583 3077 644 3137 effe,
670 3076 711 3133 nist
733 3074 827 3133 facim.
862 3080 947 3138 ltaque

69 3140 152 3191 nostra
162 3140 299 3189 emendatio
309 3138 372 3195 stat,
388 3154 432 3188 nec
442 3139 593 3195 labefastari,
604 3136 716 3202 opposito
730 3152 759 3185 eo
771 3139 840 3194 loco,
856 3139 940 3202 potest.

67 3219 122 3268 quae
131 3206 197 3253 enim
207 3202 323 3252 sententia
333 3202 366 3251 eli
376 3203 478 3263 uulgaria
492 3203 616 3250 lectionis?
632 3200 674 3249 nid
689 3200 812 3258 fallimur,
829 3200 860 3248 ric
869 3202 941 3267 lege-

68 3266 248 3323 remediandi,
263 3279 288 3314 ur
299 3266 322 3314 se
332 3265 437 3321 mediam
453 3264 575 3328 quandam
591 3266 654 3312 viam
671 3278 751 3312 tenere
765 3264 846 3312 dicat:
862 3281 945 3328 neque

67 3342 149 3379 totum
160 3328 282 3379 setradere
291 3329 370 3377 dolori
381 3362 389 3385 ,
406 3329 474 3394 quod
484 3326 540 3377 effer
550 3328 621 3376 nimia
632 3326 744 3379 imbecilli
755 3327 846 3375 animi:
863 3344 943 3393 neque

67 3394 161 3455 penitus
181 3393 217 3441 illi
237 3408 366 3458 repugnare
382 3394 408 3442 de
425 3394 474 3443 vim
488 3390 586 3449 iacere,
600 3390 648 3441 hoe
663 3392 729 3442 enim
742 3391 899 3442 inhumanam
914 3394 942 3451 dt

66 3454 183 3533 agrestem
192 3470 302 3518 naturam
312 3468 426 3530 argueret.
459 3456 538 3507 rinos.
630 3492 634 3501 .
892 3472 896 3479 ·
934 3472 938 3477 -

483 3518 640 3595 Qttrt
813 3560 818 3569 ·
861 3492 1063 3656 *einr
