2296 3900
150 110 348 211 Erret.
388 144 462 198 nu
504 132 804 209 Atticum.
870 124 953 223 ¹⁸9⁹.

103 254 132 298 r:
147 238 277 315 ¹sedviuit
310 236 471 315 habitatque
492 256 559 297 cum
578 237 689 306 Balbo,
722 240 770 312 qui
784 241 854 298 item
874 238 949 318 bend¹

80 318 202 392 oquitur.
239 314 308 392 quid
332 315 426 374 credas
452 315 561 373 uideris.
599 314 774 373 Dolabellam
791 315 870 372 ualde
890 316 949 389 pla-

70 394 142 451 'cere'
149 394 197 453 tibi
210 393 312 451 uideo:
334 392 402 450 mihi
418 392 533 468 quidem
549 390 667 466 egregie.
703 390 776 448 Cum
793 390 876 449 l‘anl‘a
891 393 949 451 vixi

68 469 102 528 iu
113 470 300 547 Pompeiano.
321 468 342 526 is
357 468 438 544 plane
452 470 520 527 mihi
536 470 666 543 probabat
686 477 712 507 ²¹
724 466 749 523 se
764 468 834 525 bene
851 468 950 527 sentire

71 548 106 604 δί
120 564 221 622 cupere
238 563 345 619 pacem.
372 546 489 603 Causam
505 564 646 604 armorum
663 546 750 620 quaeri
764 543 843 618 pinne
859 544 953 607 uideo.

71 622 206 681 Edidlum
228 623 305 681 Bruti
331 622 362 681 &
383 622 464 680 Caffii
484 624 583 697 probo.
622 634 651 662 2²
664 622 798 696 Quaeris,
817 633 848 677 ut
875 620 954 679 sulci·

68 698 148 775 piam
172 701 398 774 cogitationem,
432 701 564 776 quidnam
586 698 638 758 istis
665 697 804 773 agendum
834 709 954 771 putem:

72 776 189 833 consiliu
204 790 364 851 temporum
386 776 472 847 sunta
492 795 557 851 quae
578 778 606 834 in
626 776 706 833 horas
728 775 897 833 commutari
912 775 954 832 vi-

72 851 135 911 deS.
175 852 329 911 Dolabellae
344 854 373 911 &
387 855 475 929 prima
490 855 534 912 illu
549 853 639 921 attio,
660 854 689 921 ὅ(
705 855 766 909 liaec
780 864 877 909 contra
892 852 955 910 An·

72 930 189 995 tonium
223 931 325 988 concio
359 932 428 989 mibi
459 927 605 1005 profeeille
633 931 802 1005 permultum
836 928 955 987 videtur.

74 1006 185 1081 prorsus
198 1005 252 1064 ibat
267 1024 317 1065 res.
354 1024 430 1065 nunc
446 1019 540 1065 autem
555 1008 684 1064 videmur
697 1006 812 1064 habituri
834 1005 954 1065 ducemt

77 1084 157 1158 quod
188 1101 274 1142 unum
306 1084 457 1159 municipia
489 1085 613 1158 bonique
642 1083 802 1141 deiiderant.
842 1082 957 1155 Epicuri

77 1161 256 1219 mentionem
279 1162 369 1231 facis,
398 1162 428 1221 &
449 1160 533 1219 audes
554 1162 671 1229 dicere,
699 1166 735 1227 μὴ
760 1159 956 1215 rorare-uretur·

77 1255 138 1313 non
154 1249 181 1295 te
197 1237 272 1297 Bruti
287 1238 371 1297 nostri
386 1239 532 1297 vulticulus
553 1238 586 1295 ab
606 1237 653 1295 illa
673 1239 799 1295 oratione
816 1232 957 1293 deterret?

78 1324 108 1367 ²3
119 1316 240 1388 Quintus
255 1315 343 1384 filius,
363 1328 393 1375 ut
408 1316 496 1373 scribis
511 1359 519 1381 ‚
541 1316 670 1373 Antonii.
682 1314 719 1371 est
741 1312 867 1371 dertella.
907 1330 956 1387 per

80 1408 145 1448 eum
160 1392 259 1467 igitur,
279 1392 357 1469 quod
370 1392 516 1462 volemus,
537 1390 652 1449 24facile
668 1392 834 1449 auterernus.
860 1390 955 1465 exspe—
1011 1361 1058 1425 ΡΨ

80 1466 145 1542 fiio,
164 1469 203 1538 fi,
223 1480 254 1529 ut
269 1480 364 1545 putus,
385 1470 420 1528 L.
434 1470 577 1529 Antonius
592 1468 759 1544 25produuit
781 1468 956 1536 octavium,

143 1558 146 1565 '
306 1554 309 1559 '
460 1556 463 1561 '
516 1554 519 1559 '
564 1556 567 1561 '
719 1562 722 1567 ’
837 1556 840 1561 “
888 1562 958 1623 qua-

115 1787 153 1822 21.
171 1773 200 1819 Se
211 1772 307 1835 affirtire
317 1773 343 1826 d*
356 1784 426 1837 eripere
432 1778 525 1836 pacm]
538 1771 746 1837 castigavimusert
757 1773 872 1823 veteribus
884 1774 958 1833 librit,

52 1828 62 1851 ¹
78 1836 105 1900 se
122 1838 170 1882 bene
179 1837 266 1895 sentire.
282 1836 361 1899 quod,
377 1832 420 1884 nist
430 1838 468 1899 l'pe
479 1836 604 1892 fallimur,
630 1850 736 1884 accurate
752 1853 776 1885 re
787 1838 909 1901 'perspcbla
930 1842 958 1890 δι

84 1899 400 1957 animadverla‚testitutam
416 1898 430 1947 Ξι
447 1900 515 1947 nobis
525 1900 655 1947 ledlionem
666 1901 791 1948 meliorem
806 1903 915 1965 putabis,
932 1904 959 1953 δι

82 1964 153 2015 illam
164 1962 245 2012 nostro
256 1964 343 2024 judicio
356 1963 409 2011 sucis
421 1964 533 2028 frigidum
544 1962 684 2025 repudiabis.
704 1966 782 2012 lli-lor.

90 2035 93 2048 '
117 2044 155 2076 22.
172 2029 273 2089 Quis,
287 2044 312 2075 ut
317 2029 455 2091 suscipiam]
471 2031 520 2075 Cur
530 2041 579 2073 non
591 2026 773 2081 dixit‚l’erir,ut
792 2028 902 2088 trsct‘pt'am.
915 2028 961 2079 irc,

965 1422 1079 1472 ccxxxvi.

83 2103 142 2138 narn
158 2093 199 2153 qui
211 2093 305 2155 querit,
322 2092 373 2139 vult
390 2092 507 2153 reperite,
525 2101 564 2135 aut
583 2098 744 2154 cognolcere:
763 2092 804 2151 qui
817 2094 893 2149 petit,
910 2090 966 2141 vult·

83 2152 198 2203 obtinere.
216 2170 264 2218 qua
274 2155 339 2204 dere
351 2153 570 2216 nosdit‘putavimus
583 2155 607 2201 in
620 2168 648 2200 eat
658 2156 780 2209 oratione,
797 2167 869 2216 quam
880 2150 964 2201 habuiss

83 2226 138 2264 mus
149 2219 173 2264 in
186 2219 319 2281 Gymnafio
331 2217 506 2275 cardinalitio,
524 2231 547 2265 a.
558 2216 581 2264 d.
594 2232 655 2265 virt.
668 2216 722 2264 ldns
735 2219 826 2273 Marias,
843 2222 962 2267 annoclv.

83 2281 111 2329 δι
126 2294 185 2328 Lxx,
203 2283 302 2344 quodie
317 2284 451 2330 orationem
468 2298 510 2344 pro
528 2282 624 2328 Milone
638 2293 704 2329 extra
720 2278 844 2335 ordinem,
861 2283 886 2329 δι
902 2272 963 2329 bord

83 2341 221 2401 subsecivd,
238 2348 415 2399 exultavimus.
449 2350 480 2393 Ut
496 2348 568 2410 igitur
582 2343 612 2390 ud
628 2358 677 2392 rem
695 2343 809 2399 redeam,
825 2343 916 2392 videtne
931 2342 965 2393 stc

86 2407 167 2468 potius
177 2421 216 2455 aut
229 2372 324 2457 scribere
334 2406 454 2463 debuiffe,
472 2423 511 2456 aut
528 2404 638 2470 scripfiffe
648 2410 748 2456 Cicero:
762 2414 851 2473 Rogat,
867 2424 906 2455 ut:
924 2407 964 2455 uel

85 2473 208 2525 Hortaris,
225 2486 261 2527 ru,
277 2475 321 2524 (rc.
340 2472 450 2521 Fortaffis
464 2486 543 2520 antem
555 2474 587 2520 ita
599 2471 674 2519 fuerat
685 2486 698 2518 a
710 2472 826 2518 Cicerone
837 2470 963 2533 scripturn,

84 2533 155 2595 Qud
171 2542 250 2595 togas,
266 2532 323 2589 seu,
342 2537 406 2599 Qud
419 2540 519 2585 bertarit,
553 2533 598 2583 Sed
612 2549 641 2583 erl
655 2568 662 2591 ,
677 2537 742 2594 ‚Quod
754 2550 814 2596 rogat
826 2567 833 2589 ,
845 2547 885 2581 aut
895 2534 964 2596 Qud

85 2598 195 2653 hortaris,
212 2596 302 2647 fastum
313 2595 358 2654 est,
375 2602 468 2653 Quarta
487 2598 598 2647 Lambin.

119 2675 159 2713 23.
175 2662 296 2723 QFrater
312 2661 347 2721 (ut
358 2661 462 2722 arbitror)
473 2662 502 2719 est
512 2664 626 2718 dextrum]
641 2661 748 2722 Antiqua
759 2659 907 2723 exemplaria
919 2674 964 2724 pro

80 2720 169 2781 frater,
182 2722 203 2781 f.
220 2722 321 2778 babent,
336 2723 421 2782 idest,
435 2726 521 2784 filius.-
538 2728 562 2772 in
574 2726 625 2772 aliis
639 2739 693 2770 eum
705 2722 792 2771 excusis
806 2722 965 2774 concordant.

86 2785 153 2846 Quid
165 2799 193 2833 ea
203 2801 251 2834 vort
269 2789 363 2833 dextella
379 2786 494 2851 fignifieet
509 2789 568 2836 mihi
580 2801 729 2851 compertum
746 2803 795 2833 non
811 2786 851 2835 eil.
883 2802 911 2835 cn
922 2802 966 2835 au·

86 2860 139 2897 tem
152 2882 160 2905 ,
179 2862 230 2911 quac
242 2850 318 2899 adhuc
331 2851 441 2898 nonnulli
452 2854 631 2914 excogitarunt,
648 2866 731 2914 parurn
743 2848 887 2898 satisfaciunt
900 2883 907 2905 ,
924 2851 964 2899 ni·

86 2911 122 2960 hil
135 2913 200 2983 enim
218 2916 277 2961 certi
286 2912 387 2963 babent:
405 2928 476 2979 quare
486 2917 586 2963 meliora
597 2913 673 2962 adhuc
687 2917 712 2963 δε
731 2915 822 2961 veriora
837 2914 964 2977 quaereudat

85 2988 179 3025 cenleo.
216 2979 294 3028 Vr'tlor.

91 3037 99 3053 ²
118 3056 156 3100 24.
176 3043 249 3088 Facile
258 3042 398 3101 auferuntur]
413 3039 526 3099 Elprrtre're
536 3041 626 3090 dietum
632 3038 704 3088 videri
711 3038 793 3104 potest.
803 3039 887 3085 Curtaei,
905 3043 961 3088 lmo

84 3104 172 3161 auferre
181 3104 213 3151 est
226 3106 258 3154 nn
277 3119 359 3155 errare.
376 3106 450 3154 Plant.
463 3103 569 3155 Mostell.
579 3120 615 3159 iv,
629 3120 649 3153 r.
666 3106 714 3150 bene
723 3120 802 3149 merens
815 3106 859 3149 Hoc
866 3107 960 3163 pretium

85 3169 136 3213 iude
146 3168 242 3227 abstuli,
258 3120 305 3218 fior
320 3168 372 3224 est,
389 3169 436 3217 hoc
451 3182 560 3217 meorum
572 3169 711 3217 meritorum
726 3167 828 3229 pretium
842 3166 904 3224 tuli,
921 3168 960 3216 scu

84 3233 171 3295 accepi.
188 3230 219 3280 sic
231 3236 256 3282 δι
268 3232 323 3282 alibi
334 3232 421 3295 saepiur.
453 3234 562 3282 Grrvr‘us.

95 3312 100 3319 ·
118 3311 155 3351 25.
173 3297 281 3343 Produxr't
292 3300 421 3354 octavium,
437 3299 509 3359 qualis
519 3299 587 3343 concio
596 3295 675 3354 fircrr‘t.
694 3297 717 3340 H
722 3312 740 3341 et
747 3294 821 3357 scn‘pft
831 3294 887 3351 ire]
917 3290 962 3357 Ju-

86 3357 140 3405 nius
150 3373 178 3407 ex
191 3358 243 3410 mff.
251 3361 299 3410 Pal.
303 3362 408 3423 produxit
415 3364 539 3410 otrentum.
563 3362 635 3425 qualis
645 3362 701 3405 etu'm
711 3362 800 3405 concio?
815 3356 903 3417 sunive*
919 3364 962 3403 hac

78 3420 157 3482 firiffi
166 3424 211 3474 dc.
229 3424 385 3489 preterqulm
396 3425 570 3493 quodrocetm
582 3422 687 3486 furtivi,
702 3437 733 3474 cx
743 3420 895 3488 conjcl'turar
913 3434 958 3483 Pto

78 3485 168 3553 ‘num’
182 3487 296 3552 “Porum
325 3492 400 3545 (lest
466 3514 468 3519 “
894 3554 907 3598 6
931 3550 952 3596 Ε

253 3572 256 3577 “
276 3578 279 3583 “
877 3564 891 3600 2
909 3582 915 3599 c
952 3559 963 3596 3
