2296 3900
75 254 102 265 ,Ι
177 129 952 263 irur.nnArrreomr½3

71 265 125 421 ¹fito
140 285 216 345 farto
229 283 330 343 habeo.
370 282 526 357 Exspeuo,
545 282 614 359 quid
633 281 687 342 istis
709 284 815 359 placeat
837 286 872 347 de
894 290 954 363 epi..

96 363 141 423 ola
155 363 190 421 ad
207 361 258 421 Cae
270 378 355 423 arem,
394 359 489 417 Nicias
504 373 549 428 te,
563 372 601 435 ⁸ut
623 359 707 435 deber
728 403 745 430 ,,
756 376 848 434 amat,
868 366 956 423 vehe-

72 437 242 515 menterque
256 435 304 495 tui
317 436 357 496 sui
381 435 520 494 memorii
540 435 698 495 delediarur.
737 437 800 512 Ego
817 439 885 499 verb
900 441 953 501 Pe·

71 514 195 574 duceum
216 513 342 573 nostrum
372 513 554 573 vehementer
584 512 677 587 diligo.
717 532 782 571 nam
805 517 953 597 &quanti

69 604 178 670 patrem
194 591 266 660 feci,
286 601 401 647 4totum
415 591 446 647 in
458 591 548 647 hunc:
569 588 657 664 ipsum
671 607 720 664 per
735 589 761 648 se
775 590 856 668 aequd
870 611 949 666 aruo,

70 679 157 745 atque
171 667 249 726 illurn
266 667 375 724 amavi:
395 676 424 724 te
435 663 508 723 *verb
525 665 700 739 plurimum,
719 668 767 742 qui
787 668 843 726 hoc
864 671 898 728 ab
918 688 953 739 uf

70 756 174 821 troque
188 743 313 803 nostrum
335 741 394 801 fieri
414 742 491 800 velis.
530 741 558 799 Si
578 742 676 802 hortos
694 743 858 818 inspexeris,
879 746 951 807 &fi

71 819 110 896 de
124 820 235 895 epistola
249 821 398 878 certiorem
413 836 460 877 me
475 819 589 891 feceris,
610 817 716 878 dederis
731 820 800 891 mihi
814 822 891 898 quod
914 823 952 884 ad

72 896 256 971 rescribam:
283 897 324 955 fin
340 893 431 955 minius
447 937 456 964 ,
477 890 592 954 scribam
605 906 703 954 tamen
716 896 828 973 aliquid.
870 912 955 974 numff

72 986 163 1048 quam
178 973 252 1033 enim
266 969 361 1033 deerit.

350 1091 685 1178 aratoriis

213 1229 753 1335 'cicuitonruico'
794 1238 822 1338 s.

74 1420 290 1540 Gliarroa
312 1431 382 1489 mihi
402 1429 523 1489 celeritas
544 1441 592 1488 tua
618 1426 704 1505 quim
732 1428 787 1505 ipsa
800 1446 851 1491 res.
884 1433 952 1510 quid

145 1508 220 1564 enim
241 1504 405 1586 indignius?
425 1507 469 1565 sed
483 1507 548 1593 jam
567 1504 603 1564 ad
622 1506 669 1564 illa
691 1504 870 1567 obduruimus
892 1552 901 1579 ‚
921 1512 952 1571 δε

71 1581 277 1660 humanitatem
293 1600 410 1642 omnem
426 1600 561 1642 exuimus.
598 1581 676 1659 Tuas
689 1583 790 1642 litteras
804 1584 889 1645 hodie
902 1603 952 1647 ex·
1021 1646 1024 1652 ,
1050 1613 1074 1658 u.

72 1658 247 1734 spedabam
268 1659 334 1718 nihil
349 1660 479 1735 equidem
494 1673 525 1718 ut
540 1678 574 1718 ex
588 1659 619 1717 iis
640 1661 710 1725 novi
725 1679 733 1719 t
753 1660 821 1736 quid
843 1662 950 1725 enim?
1017 1701 1025 1723 .
1070 1670 1074 1681 “

73 1736 281 1793 verumtamen.
319 1737 348 1792 Ο
370 1738 416 1809 pio
443 1738 473 1794 ὅ(
494 1735 580 1794 balbo
607 1734 729 1808 epistolas
749 1735 849 1797 deferri
875 1739 950 1799 'ube-

72 1811 117 1885 bis
131 1854 139 1880 ‚
160 1813 190 1870 &
204 1823 300 1869 tamen
313 1753 439 1881 Piiirnem
455 1810 540 1874 sicubi
556 1810 592 1880 de
605 1828 681 1879 auro.
703 1878 706 1889 ‚
720 1812 846 1895 Faberius
860 1758 880 1874 si
900 1834 950 1876 ve-

73 1887 173 1959 nerit,'
201 1886 305 1947 videbis
328 1895 380 1948 rut
400 1899 509 1947 tantum
530 1886 705 1956 attribuatur3
724 1886 745 1946 si
764 1888 854 2024 mod&
875 1895 951 1953 attri-

854 1979 951 2045 uetur,

68 2157 83 2163 ..
105 2136 128 2179 4
144 2124 222 2169 Totum
232 2121 257 2168 ιἰι
270 2122 325 2169 bunc
338 2120 426 2184 ipsun,
438 2120 550 2184 persequar
559 2133 616 2184 eque
625 2131 688 2175 amo,
696 2114 764 2183 ‘atqu
776 2118 843 2167 illum
851 2125 952 2183 antevid

71 2185 128 2237 Nos
139 2185 205 2232 aliter
220 2184 321 2258 legimus
332 2198 361 2232 err
372 2183 476 2247 antiquis
487 2182 627 2239 codicibus:
649 2194 729 2230 toturn
747 2194 828 2233 autem
843 2181 870 2233 iu
884 2183 950 2240 hune

71 2244 151 2311 ipsum
161 2245 250 2297 effitudr
261 2251 286 2297 δι
297 2249 407 2296 converti
420 2247 585 2311 intelligimus.
617 2243 683 2295 Cium
697 2246 768 2310 igitur
781 2244 859 2295 fitium
873 2262 916 2311 per
924 2246 950 2299 se

72 2311 128 2381 pari
139 2324 233 2367 amore,
249 2326 297 2374 quo
308 2322 412 2375 patrem,
428 2310 629 2375 prosequeremur
639 2311 665 2359 δι
675 2323 784 2359 umorem
793 2311 882 2368 eriam,
896 2326 948 2376 quo

71 2386 167 2436 patrem
181 2373 306 2431 dilexerat,
321 2389 351 2423 eo
364 2372 494 2431 exstineto,
510 2374 535 2422 in
547 2373 610 2422 hunc
620 2370 785 2422 convertisset:
808 2373 882 2448 duplo
892 2389 949 2425 eum

71 2435 148 2497 quim
160 2449 250 2498 patrem
260 2435 360 2493 serenat,
377 2436 480 2486 amabar.
498 2439 576 2487 Vilior.
610 2434 691 2485 sensus
703 2434 748 2492 eil,
765 2449 949 2547 qumtrXarrem

70 2496 171 2548 Pedueei
181 2498 240 2555 seei,
256 2499 370 2549 idtotum
383 2501 410 2549 iu
426 2500 489 2550 hune
504 2499 614 2555 contuli,
630 2497 723 2555 idest,
743 2502 803 2547 tanti
815 2504 845 2547 Pe
862 2514 948 2550 uceum

71 2561 137 2615 facio
149 2558 227 2609 cauffl
236 2562 320 2624 pateris,
336 2561 420 2626 quanti
430 2577 536 2625 uuquam
545 2575 638 2626 patrem
650 2556 707 2610 ieci.
738 2560 814 2625 ipsum
830 2577 887 2611 vero
904 2568 951 2615 Pe.

73 2624 177 2683 duceum
193 2637 233 2687 per
249 2622 291 2680 se,
307 2628 332 2675 &
347 2625 388 2674 suo
404 2627 509 2682 merito,
525 2641 576 2674 non
593 2625 672 2673 minus
689 2638 746 2675 aruo
763 2624 952 2690 quemparrem.

73 2690 130 2810 coqu
145 2686 204 2749 ergo
220 2685 320 2737 alterum
335 2699 429 2738 tautum
444 2702 520 2746 amo,
537 2687 611 2752 quum
627 2702 742 2752 umquam
753 2701 845 2752 patrem
861 2690 950 2743 amari.

73 2756 105 2799 ΒΟ
122 2766 155 2800 us.
225 2782 228 2787 ·
460 2791 462 2795 ,
608 2784 611 2789 ι
659 2784 662 2788 -
754 2775 757 2783 ¹
825 2786 833 2805 ῃ
857 2782 860 2790 ·
927 2779 930 2799 :
945 2784 951 2791 ·

80 2844 84 2857 .
105 2830 127 2870 5·
144 2814 430 2872 vetantem,arrribuatur.]
446 2812 502 2863 Vult
513 2813 667 2864 Faberianum
678 2816 951 2879 uomeuintegrumae-

73 2875 157 2933 tribul,
175 2874 192 2924 si
204 2874 327 2926 attributio
338 2878 465 2927 nominum
481 2875 590 2927 facienda
600 2876 628 2926 srt
640 2912 648 2934 ‚
666 2875 734 2925 idest
746 2890 864 2933 ,tantum
874 2880 900 2927 iu
911 2877 953 2929 ses

71 2940 192 2989 lurionem
198 2938 315 3004 adsignari
326 2938 486 2989 venditoribus
496 2939 622 2989 horrorum
627 2941 824 3002 §capetianorum
832 2953 950 3004 quantum

71 3001 182 3057 Faberius
196 3002 280 3053 debet:
297 3001 363 3066 quod
374 3014 489 3066 quantum
501 2999 558 3051 esser
568 3003 598 3052 ab
609 3007 701 3058 Erote,
716 3004 758 3065 qui
774 3004 898 3052 Ciceronis
909 3017 952 3053 ra«

72 3067 153 3119 tiones
174 3064 316 3120 recusabat,
330 3067 423 3117 Atticus
432 3062 590 3129 cognosceret.
603 3067 770 3114 ..attribuerem
781 3080 806 3113 re
814 3067 956 3130 pecuniarum

70 3129 106 3187 eil
127 3082 256 3193 adignare.
273 3129 365 3183 .,Unde
382 3131 503 3177 Antisara
521 3133 630 3188 pecunia,
652 3142 704 3191 qua
727 3129 752 3175 in
774 3140 954 3195 quamcumque

71 3207 123 3242 retu
136 3192 253 3256 publicam
263 3192 302 3240 uel
316 3188 584 3256 priuatamadlignatur
599 3205 627 3240 ea
646 3191 718 3254 iege,
734 3203 759 3240 ut
775 3191 815 3240 alii
830 3190 954 3253 solearum.
1019 3206 1024 3215 ’

70 3268 156 3305 autore
170 3260 277 3305 Varrone
291 3253 332 3305 lib.
345 3271 379 3306 ιν.
403 3261 440 3306 De
455 3254 547 3316 Lingua
558 3256 662 3311 Latina,
673 3257 698 3303 dr
710 3252 827 3304 Pediano.
860 3258 952 3320 Papa-a.

70 3321 240 3376 attributum]
262 3321 423 3377 Numerare,
440 3318 554 3366 solvatur.»
576 3319 954 3381 detributamperuniam·1’2di⁸-

69 3394 117 3451 nus
127 3379 183 3452 dicit
194 3379 253 3437 elle,
261 3395 333 3444 quam
344 3382 369 3430 in
381 3380 523 3447 stipendium
533 3381 638 3431 militum
649 3395 679 3430 eu
690 3383 771 3431 aratio
779 3380 956 3447 depromptam.
991 3418 1014 3429 .-

69 3442 164 3503 tubum,
175 3444 247 3500 aeratii
263 3443 414 3518 quartonibus
430 3444 625 3521 adnumerabatur.
659 3443 735 3516 idem·
747 3436 797 3495 fere
814 3448 853 3502 M·
864 3451 991 3497 verme·-

68 3491 114 3561 {ed
126 3519 140 3555 a
151 3505 217 3557 rebus
227 3507 326 3572 publicu
337 3508 460 3561 transferar
476 3508 506 3559 ad
522 3522 629 3572 parratas
641 3505 712 3560 ‹loeer
727 3507 790 3558 allud
806 3522 846 3574 ep.
858 3522 882 3568 a.
900 3500 955 3567 ub,
981 3378 1096 3662 s

489 3577 595 3625 Vvvvv
611 3588 627 3624 2
899 3578 964 3620 m·
