2296 3900
173 118 273 197 ΕΜ
294 130 367 184 S-T·
407 124 639 199 cru-,dur
662 137 714 187 rc
734 142 761 190 rr
787 140 827 185 rr.
858 136 948 207 :1997

70 226 194 299 dionis,
213 244 272 305 quo
295 224 455 285 mehercule
477 242 515 285 ne
534 237 614 286 antea
641 226 757 303 quidem
779 222 951 301 ,deleddabun¹

69 302 147 365 ledis
159 302 229 363 'verb
242 304 296 363 tuis
309 301 412 389 litteris.
424 298 573 371 admiratus
592 304 723 381 equidem
743 302 802 361 sunt
811 340 826 372 ,-
839 315 868 363 te
886 316 946 371 tarn

65 379 458 545 ggffinasfflptpffi
473 378 785 534 {dibimffb’rb‘ffrt
803 380 947 547 'iffi

69 534 204 611 tmpulsor
222 532 403 609 profecdtoms
424 550 522 603 npeae,
554 534 724 621 approbator,
748 544 824 591 certe
847 530 921 591 tum
934 572 948 601 ,

71 610 233 670 dummodo
247 609 299 667 kal.
313 610 372 681 Jan.
388 610 492 669 Romae
506 600 599 669 essem
636 622 674 669 rra
687 607 788 679 fiebat,
808 620 857 677 ut,
876 606 947 667 duur

69 688 165 746 minus
180 685 294 759 periculi
312 685 449 745 videretur
461 680 473 757 '‚
493 680 634 757 absidem,
654 688 684 745 in
705 682 848 743 flammam
861 682 948 759 ipsam
1003 722 1010 734 ·

70 765 211 821 venirem.
248 760 295 819 sed
315 763 377 821 haec
390 758 403 829 ',
421 766 504 822 etin'm
525 763 626 825 sr-rron
653 762 827 838 prudenter,
852 772 949 821 tamen

75 840 233 908 ἀνεμέσητα
246 837 330 905 sunt;
349 840 490 913 primum,
509 838 587 915 qubd
600 839 635 898 de
659 856 721 897 mea
741 836 951 913 sententiaa&

75 916 156 981 sunt;
196 914 321 984 deinde,
350 916 433 975 etiam
448 912 468 975 st
482 929 510 974 te
525 916 662 985 rudore,
688 914 755 1032 spuid
771 914 853 975 debet
863 954 883 983 ,,
901 913 953 989 qui

77 992 225 1050 consilium
239 990 309 1060 dat,
328 992 453 1068 praestare
473 1005 572 1067 praeter
593 990 703 1050 fidem.
734 988 806 1065 Illud
827 989 956 1049 admirari

79 1066 140 1127 satis
153 1087 212 1129 non
226 1068 323 1145 potui,
342 1068 421 1146 qudd
435 1068 555 1144 scripiisti
567 1068 609 1128 his
617 1069 721 1127 verbis:
743 1070 806 1125 veni
819 1068 901 1144 igitur
910 1082 954 1137 ru,

80 1143 108 1184 ⁶¹
120 1146 167 1223 qui
178 1144 339 1203 edduvur'iuu·
367 1146 446 1212 veum
467 1146 593 1225 relinques
603 1145 743 1222 patriam?
762 1146 811 1203 An
832 1160 888 1221 ego
909 1161 954 1203 re-

80 1218 239 1298 linquebam
255 1265 265 1292 ,
282 1218 368 1291 ‚⁶2aut
389 1224 439 1281 tibi
456 1233 517 1281 tum
538 1222 691 1298 relinquere
711 1218 850 1297 videbar?
870 1233 902 1279 tu
921 1218 953 1281 id

82 1314 142 1356 non
158 1296 244 1359 modb
263 1316 323 1357 non
337 1298 523 1375 prohibebas,
550 1298 647 1357 verinn
675 1296 758 1356 etiam
779 1296 957 1373 approbabas.

82 1376 233 1449 graviora,
265 1393 330 1451 quae
343 1378 458 1435 restant.
497 1376 578 1433 Velim
599 1374 711 1448 σκόλιον
738 1373 847 1453 aiiqard
868 1374 956 1433 tumes

83 1453 120 1509 ad
140 1474 205 1512 ms:
236 1453 365 1529 oportusfft
385 1467 410 1511 tc
437 1451 499 1527 istuc
514 1456 610 1535 ,lfactare⁸
652 1452 731 1527 Itane
745 1452 816 1523 ,mi
842 1450 956 1520 Attice,

121 1765 158 1817 dr.
175 1758 228 1822 Qi
242 1755 373 1805 distaedet
382 1756 430 1805 bene
442 1758 547 1820 relinquis
570 1764 671 1823 mrim]
685 1757 773 1812 Nescio
783 1773 816 1809 nn
825 1758 851 1809 in
862 1759 900 1809 his
910 1762 959 1811 At·

86 1821 130 1871 tici
143 1820 217 1870 verbis
228 1818 342 1867 mendum
353 1818 450 1885 aliquod
460 1821 532 1869 inette
561 1835 637 1875 ream,
655 1819 702 1873 five
712 1825 789 1887 potius
801 1820 849 1887 ipsa
858 1822 958 1887 scrupuli

87 1883 262 1947 aliquantulum
280 1882 384 1937 babere,
408 1884 465 1946 quia'
480 1896 560 1932 totum
579 1887 660 1934 locunt
675 1900 726 1933 non
743 1884 842 1933 adducat
858 1887 958 1935 creeror

87 1947 162 2011 idque
180 1946 345 1995 obicuritatem
366 1944 428 1993 banc
449 1960 563 2008 procreet.
585 1962 642 1996 nam
657 1948 720 1997 certb
741 1948 851 1996 nonnihil
867 1947 958 2005 iubest',

88 2011 155 2075 quod
176 2026 226 2057 non
250 2024 331 2073 purum
349 2008 476 2057 molestum
490 2010 523 2058 est
554 2013 579 2059 dt
604 2012 745 2059 iententiam
762 2009 897 2075 perturbat:
915 2024 961 2059 nee

89 2076 156 2123 enim
168 2076 255 2122 mirum
267 2071 339 2121 videri
348 2071 456 2129 deberet,
473 2070 489 2119 fi
501 2088 530 2121 er
541 2075 620 2136 paucis
630 2074 705 2123 verbis
717 2088 746 2121 err
766 2074 846 2137 aliqua
861 2071 962 2136 epistola
1055 2128 1058 2134 ,

90 2139 168 2186 citatis
182 2172 189 2194 ,
205 2151 315 2191 cumea,
331 2128 382 2197 qrizc
394 2136 583 2192 antecedebant,
605 2150 644 2185 aut
661 2134 862 2199 consequebantur
876 2138 962 2201 ignota

90 2198 157 2255 tint,
180 2204 271 2311 intfleger
285 2198 362 2247 senius
377 2214 428 2247 uon
444 2200 602 2265 colligeretur.
635 2201 703 2258 nni,
720 2198 861 2249 mendosum
880 2200 963 2249 luerim

91 2260 207 2326 prorsuse
227 2274 372 2325 epurantes,
387 2261 503 2326 corrigere
513 2264 594 2312 conati
605 2260 664 2313 sunt.
698 2268 762 2313 Cum
777 2264 813 2311 his
828 2262 899 2326 igitur
913 2276 959 2311 an·

92 2322 173 2389 gustiis
184 2339 355 2387 premeremur,
370 2328 441 2375 tutius
453 2325 527 2376 risum
538 2325 570 2375 est
582 2328 706 2391 antiquam
722 2324 853 2375 iedtionem
862 2324 962 2375 reddere

94 2392 121 2436 &
137 2386 269 2437 exscribere.
285 2404 372 2453 quare,
385 2404 429 2455 pro
445 2392 563 2452 relinques,
579 2393 675 2454 relinque
689 2390 808 2455 legimus.
824 2404 855 2437 ue
868 2386 964 2438 irrut-

91 2451 182 2499 stomm
196 2450 304 2499 codicum
314 2451 361 2500 fide
371 2453 395 2500 in
407 2467 433 2503 re
442 2451 512 2503 dubia
522 2452 699 2503 diicederemus.
730 2467 784 2501 cum
796 2454 860 2501 enim
876 2452 962 2527 vulga·

92 2526 119 2563 ta
130 2515 203 2561 etiam
213 2512 284 2561 ledtio
296 2513 397 2577 suspecta
408 2515 436 2565 iit
448 2518 473 2565 δι
483 2518 590 2573 incerta,
605 2531 645 2565 cur
655 2531 706 2563 nou
722 2513 752 2562 ad
768 2514 864 2565 illorum
881 2528 960 2577 potrus

92 2576 245 2626 autoritatem
255 2576 436 2641 confugiamus,
453 2577 526 2641 quim
536 2591 653 2628 recentem
665 2582 690 2627 δι
705 2591 759 2627 eam
770 2592 853 2643 purum
862 2576 960 2629 firmam

92 2639 222 2689 lectionem
234 2643 355 2687 tueamur?
372 2639 410 2687 sed
422 2639 485 2688 uliud
495 2642 568 2689 etiam
579 2642 604 2689 in
619 2641 733 2715 proximis
750 2639 826 2689 verbis
836 2640 960 2689 Ciceronis

93 2700 211 2751 diversum
220 2700 253 2749 est
263 2704 292 2749 ab
302 2700 416 2766 irnpress'rs
426 2704 450 2751 in
460 2702 544 2753 iisdem
554 2704 689 2760 codicibus,
702 2702 768 2768 quod
784 2717 867 2751 tamen
878 2700 961 2751 omiii-

94 2780 166 2821 mus,
183 2778 213 2811 ne
229 2776 332 2813 veterem
347 2780 395 2829 quo
414 2779 443 2815 ue
457 2766 586 2815 ledionem
596 2780 734 2832 cogeremur
742 2766 876 2831 corrigere:
892 2779 960 2823 narn,

93 2826 137 2879 nist
149 2840 203 2876 eum
214 2827 325 2887 adiuves,
342 2779 431 2891 prordus
441 2829 563 2893 ineptaest
576 2830 601 2877 bt
617 2830 683 2879 iulia.
708 2829 746 2877 ubi
762 2830 827 2877 enirn
839 2828 962 2891 prohibebar

94 2892 136 2941 alii
150 2890 252 2947 nabent,
269 2891 294 2938 iu
305 2890 444 2950 iliisjubebas
454 2890 506 2941 est:
540 2890 588 2941 uod
598 2890 615 2940 fi
627 2894 699 2941 velles
715 2891 729 2941 ὲ
741 2890 831 2941 duabus
845 2890 961 2955 posterio-

92 2971 144 3005 rem
166 2956 318 3018 negationem
334 2954 437 3011 tollere,
451 2954 500 3003 fort
534 2970 616 3003 enon
631 2954 695 3005 maid
710 2953 806 3005 faceres.
838 2954 879 3003 Est
889 2954 956 3005 euim

92 3018 191 3083 quando
202 3019 281 3079 aliqua
290 3018 428 3079 quempiam
438 3030 506 3081 agere
523 3018 628 3079 jubemus
648 3019 836 3081 hortamurque,
851 3032 960 3090 quaeuou

90 3082 232 3147 probamus:
250 3078 288 3127 sed
299 3079 347 3134 illi,
364 3080 460 3144 periculi
471 3080 657 3129 &incommodi
668 3080 765 3140 alicujus
776 3078 865 3129 vitandi
881 3078 960 3137 caua.

91 3160 117 3194 ut
128 3160 156 3193 ea
168 3143 254 3200 faciat,
270 3157 362 3191 autores
379 3140 463 3191 sumus.
489 3146 566 3197 Victor.
598 3144 718 3192 Ledionis
739 3143 802 3191 istius
814 3140 873 3190 'veni‘
892 3148 961 3207 alitur

91 3214 133 3271 qui
148 3208 305 3261 adnascatur,
322 3210 375 3253 veni
384 3208 464 3255 audior
475 3206 508 3255 est
518 3206 648 3261 V'tstoriuS,
663 3207 697 3253 uti
708 3206 798 3255 constat
810 3220 840 3254 ex
849 3206 898 3265 ejus'
907 3207 960 3263 udi-

92 3274 159 3318 tione
169 3268 309 3344 posteriore,
326 3283 400 3332 quam
410 3272 436 3319 dc
446 3270 471 3317 iu
480 3268 541 3317 libro
553 3280 630 3318 vetere
640 3264 745 3335 reperiffe
755 3266 778 3319 se
787 3271 880 3319 monuit
887 3276 961 3319 Lam-

93 3331 160 3380 binus
171 3348 196 3381 tn
207 3333 321 3393 margine.
354 3336 428 3381 (ἶνιν.

126 3402 162 3442 ⁶2.
180 3400 235 3443 Aac
244 3398 342 3442 ruitum
356 3398 476 3462 relinqure
489 3394 604 3454 vidiant
633 3398 706 3447 Verus
720 3392 798 3457 liber,
811 3410 851 3449 aut
860 3391 961 3445 tibtot-

92 3458 219 3523 relinquere.
251 3454 328 3511 vrfiu
530 3474 533 3479 '
765 3465 768 3471 ’

850 3525 888 3577 63.
904 3524 963 3569 Nn
