2296 3900
220 136 300 226 1908
377 122 530 201 'Linea
573 130 994 215 Qururusnrernrue

215 248 270 308 filia
278 291 287 319 ,
296 244 323 305 οὐ
332 243 420 304 ταυτὶ
430 241 461 299 ἐκ
471 238 525 301 τοῦ
538 240 727 319 αὐτοῦ.6<ιιιιά
739 242 938 323 οίὶΙιοεὲφιίἀ
946 246 984 305 eii
994 252 1099 317 aurem

219 342 336 400 turego
351 318 509 399 personatus
533 318 702 378 ambulem?
729 337 865 396 parumne
887 321 965 381 foeda
988 325 1102 399 persona

220 402 258 461 eli
274 400 353 476 ipsius
368 394 532 456 seneeiutis?
553 395 643 469 Qubd
663 395 761 455 Brutus
780 410 886 472 rogat,
912 410 946 457 ut
967 412 1036 458 ante
1056 400 1102 462 lra-

111 455 168 517 m’
223 477 333 544 lendas;
354 474 390 533 ad
404 492 451 531 me
467 490 581 549 quoque
594 469 708 548 scripsit:
732 474 762 531 &
776 470 887 533 fortasse
907 473 1024 535 faciam.
1059 474 1101 535 fed

222 551 321 631 plane,
341 550 409 628 quid
422 551 512 617 velit,
532 548 634 607 nescio.
672 548 738 625 quid
761 551 838 609 enim
859 550 898 609 illi
920 549 1025 609 afferre
1039 570 1102 611 con·

66 527 206 568 “millis

222 630 271 691 stlii
285 626 411 705 possum,
432 625 565 701 cumipse
582 643 680 701 egeam
695 624 832 685 consilio?
852 626 883 684 &
900 625 970 685 curn
992 628 1039 686 ille
1052 628 1102 686 suae

221 704 421 766 immortalitati
443 702 539 761 melitis
566 702 652 778 quim
682 702 776 761 nostro
804 704 884 761 otio·
908 702 1101 763 consuluerit?

223 784 271 843 De
293 782 385 857 regina
406 797 502 837 rumor
524 777 716 855 exstinguetur.
753 778 973 849 DeFlamma,
994 779 1100 841 obsecro

224 872 271 928 te,
291 856 394 933 siquid
407 868 494 932 potes.
533 866 546 909 7
555 856 633 914 Here
648 855 776 914 dederam
792 856 826 917 ad
848 867 876 913 te
892 856 1002 916 litteras
1017 859 1100 916 exieus

226 934 243 994 ὲ
258 934 431 1001 Puteolano,
451 934 672 1008 diverteramque
689 933 717 990 in
734 931 909 991 Cumanum.
950 930 1016 992 ⁸ibi
1030 932 1099 1008 paeni

226 1012 367 1070 valentem
382 1010 506 1069 videram
519 1008 624 1066 Piliam.
662 1010 835 1084 quinetiam
858 1008 991 1069 9Bauloa
1015 1011 1100 1069 Currit
1128 1045 1131 1057 ·

226 1106 290 1147 eam
305 1087 371 1145 vidi.
410 1096 524 1145 venerat
538 1086 614 1143 enirn
628 1086 658 1143 in
677 1086 775 1144 funus:
796 1086 841 1145 cui
855 1086 953 1149 funeri
968 1104 1027 1163 ego
1041 1104 1099 1223 ‹puo-
1126 1083 1131 1102 '

225 1182 281 1241 que
302 1181 416 1239 operam
439 1162 512 1221 dedi.
551 1162 604 1220 Cn.
636 1161 792 1230 Lucullus,
825 1162 975 1223 familiaris
1005 1180 1100 1233 noer,

229 1254 347 1299 martem
371 1239 509 1299 efferebat.
548 1236 634 1296 mansi
655 1239 736 1313 igitur
757 1254 793 1297 eo
814 1238 860 1297 die
881 1239 913 1298 in
929 1239 1098 1300 Sinueiiano:

225 1330 310 1393 arque
333 1315 398 1375 inde
414 1313 496 1374 mane
517 1314 645 1391 postridie
666 1316 803 1390 Arpinum
832 1314 1020 1391 proficiscens
1042 1318 1099 1377 haur

231 1392 372 1468 epistolam
394 1391 512 1461 exaravi.
554 1402 611 1448 erat
631 1403 725 1450 autem
745 1390 812 1453 nihil
831 1393 904 1451 novi
916 1428 929 1463 ·‚
960 1395 1040 1472 quod
1061 1404 1100 1453 aut

76 1500 91 1536 e
106 1496 131 1536 re
140 1483 189 1533 aad.
206 1469 394 1543 ¹iutiberem,
413 1481 460 1526 aur
475 1485 509 1526 err
523 1478 552 1526 te
565 1484 739 1543 quaererem;
759 1466 809 1527 nisr
823 1467 900 1527 forte
913 1470 978 1530 hoe
994 1472 1099 1531 ederem

75 1562 160 1660 pepon
176 1608 210 1658 mi
234 1557 311 1621 putas
325 1548 478 1621 pertinere:
498 1544 596 1604 Brutus
610 1541 722 1605 dnoster
735 1542 807 1603 milit
821 1543 856 1603 ad
880 1562 932 1607 me
945 1550 1099 1685 —oratipuem

211 1633 223 1652 .
1032 1640 1101 1695 mm,

77 1673 124 1729 fit,
139 1687 178 1720 eur

79 1752 136 1786 vero
143 1733 205 1787 mitit
236 1754 240 1764 ·

79 1802 151 1851 MSS.
232 1842 309 1891 euvei
318 1842 345 1890 le
358 1839 441 1903 eaba]
454 1845 492 1893 lta
502 1838 604 1890 omnino
616 1839 744 1905 legendum
754 1836 838 1891 censeo
849 1873 859 1897 ‚
868 1840 996 1953 proxime
1008 1842 1038 1893 ed
1049 1856 1099 1895 retr·

231 1919 283 1955 reru
294 1903 447 1969 scripturam,
464 1904 529 1968 qubd
542 1903 664 1952 Publiliam
682 1905 772 1954 socnam
787 1902 867 1952 collau
887 1906 927 1955 ari
944 1906 1012 1973 apud
1025 1908 1100 1959 amirei

230 1981 314 2017 eoram
324 1967 396 2017 tribue
407 1970 456 2031 eius
465 1969 520 2017 filiis
531 1968 556 2016 δι
567 1965 616 2014 iilia
627 1983 701 2017 urore
710 1980 778 2022 mea,
801 1981 850 2015 non
861 1967 932 2018 idem
948 1985 982 2021 err
998 1970 1100 2021 bocru·

230 2044 289 2095 pore
300 2031 395 2082 fatiam.
428 2031 492 2093 Quid
502 2031 548 2079 lroc
559 2028 606 2085 est,
622 2030 685 2079 dices
695 2066 703 2089 ‚
720 2033 745 2080 δι
756 2044 796 2078 eut
806 2042 886 2079 mutas
897 2034 905 2080 i
924 2028 994 2095 Quia
1003 2034 1045 2083 illa
1053 2034 1101 2083 mibi

230 2092 331 2153 objecit,
345 2110 384 2144 me
395 2096 544 2158 personatum
556 2092 689 2151 ambulare,
705 2090 774 2142 idest
790 2092 871 2142 fucum
882 2107 927 2144 tan
949 2112 1009 2146 uam
1024 2098 1101 2147 laneo

233 2156 355 2266 puandam
367 2156 486 2220 preferre,
501 2154 566 2267 puali
579 2156 684 2265 persona
703 2150 771 2220 iplius
783 2154 909 2229 seneiiutis
926 2110 959 2208 lit
971 2158 1101 2223 parumioe·

252 2232 278 2273 a,
294 2232 318 2267 ut
331 2219 377 2283 ipse
388 2234 442 2270 earn
453 2236 491 2269 am
520 2220 553 2267 ius
564 2234 577 2265 a
596 2216 678 2267 scirrtii
688 2218 788 2284 petioni
798 2217 871 2269 velun
882 2218 1052 2275 debonestare.
1077 2226 1100 2273 is

229 2293 312 2330 tameo
323 2283 426 2332 calenus
438 2298 484 2347 apu
512 2283 617 2331 Dionem
628 2283 738 2331 ciceroni
752 2283 813 2331 inter
823 2296 901 2333 cetera
919 2284 1029 2346 obiecit:

366 2346 434 2408 Qud
442 2359 503 2409 caput
515 2348 624 2408 unguentis
634 2346 757 2401 perfundere
766 2346 844 2406 ,solitus
861 2350 920 2409 effer.
959 2354 1058 2413 Popma.

261 2414 284 2458 6.
300 2409 366 2471 Qid
374 2409 402 2466 cst
414 2412 470 2468 boe]
495 2414 548 2457 Hoc
558 2405 665 2456 additum
677 2408 709 2457 est
719 2422 834 2473 tanquam
852 2424 882 2458 ex
900 2410 1011 2475 persona
1026 2412 1100 2469 anie.

248 2470 271 2518 ui
281 2471 406 2521 miraturus
418 2485 467 2520 erat
479 2472 622 2520 Ciceronem
640 2472 688 2520 vitu
706 2467 777 2521 etaffe
792 2506 800 2529 ,
816 2486 868 2535 quar
884 2476 977 2536 paullo
994 2490 1050 2527 aute
1062 2476 1100 2525 lau·

228 2482 312 2583 differ.
329 2532 362 2583 est
374 2537 439 2584 enim
450 2534 552 2599 improbi
563 2534 620 2591 viri,
637 2488 704 2597 quod
715 2534 791 2583 modo
799 2532 954 2595 laudaretis,
969 2536 1099 2605 vituperare.

232 2594 302 2718 utsest
313 2598 338 2646 in
349 2597 439 2648 senario
451 2603 534 2647 Graeeo
547 2614 555 2645 r
577 2597 619 2647 Tb
632 2599 700 2649 αὐτὸν
717 2596 782 2648 uiuit
798 2598 837 2647 aei
854 2599 937 2664 »lipsii
954 2604 1101 2665 n'rdfieeaei·

233 2666 314 2710 Boius.

264 2738 286 2779 7.
304 2728 359 2770 Here
368 2726 487 2783 dederam]
513 2724 584 2788 vulg.
600 2726 648 2771 heri
656 2727 762 2773 dederam.
780 2722 895 2775 Ceterum
909 2724 1014 2779 initium
1028 2727 1102 2794 caepi

232 2780 297 2835 llolae
307 2787 333 2834 in
345 2785 387 2838 ms.
399 2789 446 2837 Pal.
458 2788 574 2837 referente
585 2786 658 2851 Junio
667 2792 715 2844 ,cui
725 2786 787 2838 rede
799 2788 899 2836 videtur.
938 2793 1020 2842 cleric.

268 2856 289 2896 8.
309 2850 342 2895 lbi
352 2852 408 2911 peni
418 2855 543 2909 valentem]
558 2850 625 2900 Plane*
635 2850 705 2901 haber
716 2863 781 2900 vetus
792 2850 849 2899 liber
860 2866 906 2916 pro
915 2854 986 2914 pene'.
1005 2852 1078 2905 Uriin.

248 2952 251 2957 .
266 2927 288 2963 9.
307 2916 384 2960 Baulos
397 2918 468 2963 Cmm's
478 2932 524 2960 eam
534 2914 606 2973 vidi]
620 2914 722 2964 Tornaes.
735 2917 760 2964 d<
768 2910 866 2963 Crtrsell.
876 2918 958 2977 paullo
970 2924 1061 2970 cuuis:
1073 2932 1102 2967 m·

233 2972 265 3023 (le
275 2976 376 3024 correxit
388 2974 467 3025 Bofius
479 2980 642 3026 Bauiosrumis.
659 2974 743 3027 Latmb.
757 2976 821 3040 plane*
833 2980 969 3027 camiseam
980 2986 1046 3034 vi‘di,
1059 2986 1101 3033 cot·

234 3037 317 3095 radus,
334 3040 374 3096 nist
384 3043 441 3102 quod
451 3042 531 3088 clarius
543 3040 664 3092 Cunrisdrc.
682 3041 799 3106 Jrrniuserr
811 3038 864 3089 mii.
872 3042 1102 3107 comparationelqi

236 3114 347 3164 oportere
357 3104 454 3159 coniicit
463 3101 551 3163 paulum
563 3107 690 3156 camisiae.
708 3106 792 3153 cleric.
826 3106 964 3165 Qineriam
979 3114 1069 3172 panim
1077 3116 1102 3157 ot

236 3168 279 3210 mis
289 3172 381 3223 camo]
402 3167 500 3228 Antiqui
514 3165 567 3215 libri
583 3168 694 3216 nonnulli
707 3170 781 3230 paullo
797 3168 853 3212 clam
870 3170 909 3216 iis.
934 3171 1013 3222 Unde
1030 3166 1103 3224 ionii

236 3226 365 3288 legendum
375 3231 484 3291 pullatam
497 3235 587 3285 sumis,
607 3245 632 3278 ut
643 3231 705 3278 dicat
718 3230 739 3278 se
754 3232 779 3278 in
797 3232 913 3280 Cumano
933 3236 1024 3285 vidiil'e
1043 3236 1103 3287 riin

237 3287 456 3347 benevalentem,
490 3293 604 3356 pullatam
621 3296 703 3342 Cumis
717 3295 742 3342 in
759 3294 848 3342 iuuere.
881 3298 955 3345 Nam
973 3298 1104 3349 foetuiuzie

237 3348 320 3399 funere
333 3355 402 3416 pullis
419 3355 488 3417 pallis
499 3369 565 3404 erant
583 3355 677 3406 indutae.
710 3362 783 3406 Varro
798 3354 828 3403 de
845 3358 902 3407 Vitat
918 3364 1009 3427 populi
1019 3356 1104 3413 Romi

238 3412 281 3464 lib.
293 3428 338 3463 111.
353 3422 388 3489 fvt
398 3421 450 3464 dum
464 3418 531 3479 firpra
545 3432 625 3470 terrain
640 3422 687 3484 effer
702 3424 756 3471 cr'nr'r
771 3420 864 3483 lugerent
874 3455 884 3481 ,
894 3424 984 3483 fisum
1002 3428 1047 3493 ipso
1058 3424 1106 3492 pelli

232 3480 300 3541 peliis
311 3480 401 3533 amaus.
433 3486 531 3545 Ροιιιιια.
867 3484 880 3507 ⁸
1039 3552 1106 3605 mm
