2296 3900
211 116 293 201 1898
342 114 485 189 erert
529 114 971 197 Quantusurermus

204 230 263 289 sare
277 231 335 292 illo.
372 232 494 291 Persolvi
507 232 607 306 primae
621 229 759 305 epistosae:
779 230 866 289 venio
883 228 921 289 ad
934 220 1097 287 secundam:

211 309 293 368 ¹⁹De
316 310 429 383 Quintis
461 308 626 374 Buthroto,
661 309 724 365 cum
748 323 888 375 venero,
937 318 971 363 ut
999 304 1095 383 scribis,

207 385 300 460 Qubd
321 387 454 445 Ciceroni
473 384 626 459 suppeditas
651 396 770 459 gratum.
809 380 901 459 Qubd
928 398 1024 441 errare
1050 398 1094 441 ure
1115 391 1121 404 '·

58 464 187 539 hirrus.
209 473 305 537 putas,
324 464 373 539 qui
390 463 589 537 rempublicam
605 472 702 535 putem
724 459 847 537 pendere
868 457 908 519 hd
924 458 1017 517 Bruto
1033 478 1041 516 :
1060 458 1093 517 si'c

66 544 70 551 ’
165 542 169 547 ’
208 538 236 604 se
249 556 292 597 res
306 540 398 598 habet.
435 551 484 599 aut
497 538 572 598 nulla
593 539 668 607 erit,
687 550 735 595 aut
755 537 789 596 ab
810 536 863 595 islo
890 534 986 595 illisve
1010 534 1093 595 serva·

208 614 291 674 bitur.
329 615 419 691 Qubd
434 634 482 675 me
496 614 630 681 hortaris,
651 626 681 673 ut
696 613 824 697 scriptam
839 614 1019 674 concionem
1033 614 1092 671 mit·

60 708 139 761 effi,
210 703 295 763 tam3
317 695 411 768 accipe
437 691 454 754 ‘a
482 710 557 761 me,
584 694 626 750 mi
650 692 770 759 Attice,
799 690 944 759 aasemxbr
980 690 1090 759 lederna

60 766 203 833 &stirm-
212 786 309 843 earum
323 788 440 839 rerum,
467 770 496 828 in
519 768 618 846 quibus
631 766 704 826 isatis
726 762 869 845 exercitati
890 766 1000 826 sumus.
1038 767 1089 825 Ne·

98 839 125 885 ²·
144 839 172 885 Β·
213 863 263 904 mo
278 864 416 923 umquam
436 864 529 923 neque
556 851 665 921 poeta,
692 862 785 922 neque
814 856 913 903 orator
944 846 1023 911 fuit,
1047 844 1087 921 qu·

152 981 184 993 ,,
212 940 386 1000 quemquam
401 923 548 983 meliorem
569 920 654 998 quam
681 920 708 978 se
729 922 914 980 arbitraretur.
933 923 994 981 hoc
1014 922 1085 980 etiam

61 981 196 1058 *9⁰⁰⁸ssss
211 1000 289 1058 malis
303 1001 471 1075 ¹‘contingit
510 999 578 1077 quid
593 1011 624 1057 tu
643 999 730 1056 Bruto
751 1010 853 1074 putas,
874 999 907 1057 δι
930 999 1084 1075 ingenioso,

61 1048 114 1129 Ψ·
210 1078 242 1135 &
256 1076 387 1135 erudito?
408 1076 443 1135 de
458 1095 516 1153 quo
530 1078 616 1135 etiam
637 1076 744 1150 experti
762 1074 855 1133 sumus
875 1092 971 1151 nuper
992 1078 1022 1135 in
1038 1075 1084 1133 edi·

210 1152 266 1213 sto.
304 1153 458 1229 scripseram
474 1167 573 1229 rogatu
587 1165 648 1212 tuo.
686 1169 783 1210 meum
799 1152 868 1210 mihi
884 1151 1082 1227 placebat,illi

206 1228 297 1289 surim.
335 1232 522 1307 quinetiam,
542 1229 606 1288 cbm
624 1272 633 1297 ,
652 1228 733 1304 ipsius
753 1229 880 1303 precibus
903 1228 991 1304 paend
1011 1229 1084 1289 addu-

210 1307 270 1366 dlus
286 1350 294 1378 ‚
313 1306 469 1382 scripsissem
492 1306 527 1365 ad
549 1326 616 1364 eum
644 1306 679 1365 de
700 1305 809 1379 optimo
830 1306 937 1380 genere
962 1306 1084 1383 dicendi,¹

209 1402 271 1443 non
286 1386 375 1441 inodo
391 1386 476 1452 mihi,
497 1383 541 1441 sed
557 1385 641 1441 etlam
657 1382 706 1440 tibi
719 1380 836 1458 scripsit,
857 1380 909 1451 sibi
923 1382 1086 1460 illud,quod'

209 1461 280 1518 mihi
307 1461 451 1535 placeret,
477 1479 537 1518 non
571 1461 689 1535 probari.
727 1476 811 1535 quare
844 1457 905 1517 fine
927 1461 1025 1547 quaeso
1041 1460 1082 1519 sbi

229 1554 352 1613 uemquc
366 1537 489 1595 scribere.
509 1542 622 1609 ²0luam
637 1535 726 1614 cuique
736 1536 877 1612 sponsam,
900 1536 976 1594 mrhi
990 1556 1080 1603 rneam3

200 1554 285 1689 duum
300 1614 390 1689 cuique
406 1634 540 1681 amorem,
562 1612 629 1669 mihi
645 1633 741 1677 mrum.
778 1630 838 1670 non
853 1610 931 1670 scite.
953 1614 1082 1675 hoctnim

208 1689 339 1757 Attilius,
358 1696 442 1764 poeta
457 1690 618 1748 durissimus.
645 1703 729 1766 atque
745 1689 852 1747 utinam
866 1688 955 1748 liceat
972 1690 1013 1749 illi
1026 1709 1081 1749 cou-

210 1768 332 1825 cionaril
355 1769 399 1825 cui
414 1767 433 1824 fi
448 1765 500 1824 esse
515 1769 544 1825 in
558 1767 625 1825 urbe
639 1779 702 1825 tuto
715 1766 825 1833 licebit,
840 1765 975 1826 vicimus.
995 1768 1084 1837 duceni¹

211 1844 288 1901 enim
309 1845 379 1903 noui
399 1843 461 1901 belli
482 1844 567 1902 civilis
590 1855 637 1901 aut
658 1860 745 1902 nemo
765 1842 922 1919 sequetur,
952 1856 1003 1903 aut
1019 1844 1083 1903 ilse-

211 1932 360 1993 quentur,
386 1922 435 1997 qui
465 1920 546 1979 facile
579 1920 733 1979 vincantur.
771 1920 868 1976 Venio
904 1920 942 1979 ad
977 1924 1084 1981 tertiam.

211 1996 308 2061 Gratas
323 1995 399 2056 fuisse
416 2016 491 2056 meas
503 1997 603 2055 litteras
617 1997 703 2054 Bruto
730 1998 760 2055 bt
776 1996 867 2054 Cassio
889 1997 1016 2071 gaudeo.
1045 2000 1084 2057 ita·

211 2091 269 2148 que
282 2076 313 2131 iis
328 2075 454 2149 rescripsi.
494 2074 582 2149 Quod
597 2076 722 2133 Hirtium
737 2091 786 2150 per
800 2091 848 2129 me
871 2074 1027 2133 meliorem
1044 2074 1084 2133 sie·

213 2151 237 2208 ri
250 2152 364 2210 volunt:
384 2152 422 2210 do
437 2152 569 2228 equidem
591 2170 731 2237 operam;
753 2151 783 2211 ἃ
802 2148 848 2233 ille
870 2151 995 2227 optime,
1007 2153 1085 2229 loqui-

211 2402 263 2443 tem
273 2392 378 2440 mutari:
395 2392 479 2453 quibus
490 2392 555 2459 enim
563 2394 655 2442 auxiliis
665 2393 700 2441 uti
710 2389 832 2448 consuevi,
848 2389 880 2439 ab
892 2391 920 2440 iis
934 2395 1083 2447 relistussuur.

213 2457 294 2505 mser.
326 2462 361 2502 De
373 2458 448 2516 (ψη
458 2460 517 2514 isla]
532 2459 594 2505 Filio
605 2457 702 2505 caesaris
718 2456 847 2504 Didatoris
861 2471 893 2502 ert
911 2460 1045 2521 Cleopatra
1057 2475 1085 2509 rt·

212 2519 282 2581 gina,
299 2534 372 2581 quem
385 2521 502 2568 Antonius
513 2535 555 2583 pro
567 2525 691 2568 Germano
702 2517 798 2567 Caesiris
808 2518 862 2566 silio
873 2518 959 2570 haberi
970 2525 1086 2581 voluir,ut

213 2580 285 2631 refert
297 2585 363 2630 Dion
374 2582 495 2632 lib.rn.rx.
511 2588 606 2633 Sueton.
624 2583 697 2647 Julso.
731 2588 818 2644 Popma.

247 2662 282 2698 19.
301 2653 335 2692 De
345 2649 437 2709 Qintis
448 2665 473 2691 ac
485 2650 619 2703 Buthrotiis,
633 2664 681 2694 cum
692 2663 780 2701 venero,
792 2659 816 2691 ut
826 2645 929 2704 scribit]
963 2648 1088 2697 veteresli·

212 2706 263 2765 bri,
279 2711 305 2755 de
316 2712 400 2772 err'
410 2713 518 2757 Buthroto.
536 2711 646 2771 quamvis
656 2711 721 2757 euim
731 2708 760 2763 de
772 2706 868 2769 Qrirrris
885 2709 911 2755 irr
924 2709 977 2759 illis
987 2710 1087 2776 scripturn

215 2766 263 2827 fit,
280 2771 397 2835 postrema
408 2785 489 2820 tamen
501 2773 569 2820 litera
579 2773 611 2822 ibi
620 2771 699 2821 deleta
708 2771 759 2828 esl,
781 2770 798 2818 si
818 2769 952 2833 diligenter
969 2775 1087 2823 attendas:

216 2848 274 2881 nam
290 2835 404 2899 punslum
420 2836 486 2898 supra
501 2835 523 2883 se
539 2836 630 2884 habet:
653 2835 741 2898 puncta
756 2847 836 2882 autem
851 2834 956 2896 superne
973 2838 999 2885 in
1021 2836 1088 2901 priscis

215 2899 389 2962 exemplaribus
400 2897 489 2948 delent.
506 2899 633 2947 Buthrotus
644 2913 724 2948 autem
736 2896 833 2946 fortasse
842 2896 934 2946 fundus
941 2913 993 2948 erat
999 2902 1088 2962 Quinti,

215 2960 306 3023 dequo
318 2977 380 3009 nuuc
391 2961 495 3023 loquitur
508 2978 514 3007 :
531 2963 590 3011 nihil
603 2978 685 3011 tamen
701 2961 874 3017 adfirmamus,
895 2962 990 3027 quippe
1000 2962 1088 3015 eomde

214 3022 262 3073 hoc
272 3039 422 3088 compertum
433 3024 522 3088 aliquid
533 3041 584 3074 non
594 3025 731 3076 habeamus.
766 3026 879 3074 Vr'ssarius.

248 3105 286 3136 ao.
306 3092 374 3134 Suom
385 3093 460 3149 suique
468 3090 577 3151 sponsatos,
595 3094 651 3136 mihi
662 3095 751 3146 meam]
767 3085 849 3137 Versus
860 3088 931 3146 lunt,
949 3089 1087 3156 opimhst·

214 3152 275 3197 narii
288 3151 402 3214 Jambici,
415 3166 476 3215 quos
486 3149 518 3199 fic
528 3153 671 3216 expleveris:
689 3157 758 3200 Suam
769 3155 845 3214 cuique
852 3152 909 3207 finas
918 3154 1088 3216 Jponstmfflisi

214 3229 292 3261 meam.
326 3217 395 3262 Suum
406 3220 480 3278 ruique
488 3217 547 3273 finas
556 3234 634 3262 mtrem
644 3251 652 3273 ,
662 3221 719 3263 mihi
728 3232 805 3262 meum.
825 3218 855 3262 Et
869 3219 951 3279 cuique
966 3218 1087 3285 legendum

213 3277 341 3331 ιἰαιρέτως,
355 3277 469 3327 indicium
486 3278 575 3326 duritia
593 3283 618 3329 δι
636 3279 764 3343 asperitatis
780 3278 905 3341 illiusque
919 3281 946 3328 in
958 3287 999 3332 M.
1012 3282 1088 3333 Attidio

212 3337 287 3453 quita
297 3340 391 3387 comico
404 3341 586 3404 reprehenditur.
621 3350 702 3406 Atque
715 3343 777 3390 huuc
788 3341 862 3389 etiarn
874 3344 966 3393 Cicero
979 3345 1024 3397 lib.
1032 3362 1049 3396 r.
1065 3344 1087 3392 de

232 3397 288 3449 inib.
303 3400 333 3448 de
344 3403 422 3453 Acrisii
433 3406 526 3457 rteura
537 3420 631 3470 agens,
646 3406 743 3459 testatur
752 3405 855 3459 ferreum
867 3406 996 3470 podtama
1006 3408 1089 3461 Licinio

212 3462 369 3530 appellatum.
397 3467 487 3527 Jem'us.
811 3468 814 3475 '
1066 3534 1081 3585 S

1015 3552 1053 3591 21.
1079 3550 1088 3583 θ
