<?xml version="1.0" encoding="UTF-8"?>
<!DOCTYPE html PUBLIC "-//W3C//DTD XHTML 1.0 Transitional//EN"
    "http://www.w3.org/TR/xhtml1/DTD/xhtml1-transitional.dtd">
<html xmlns="http://www.w3.org/1999/xhtml" xml:lang="en" lang="en">
 <head>
  <title>
</title>
<meta http-equiv="Content-Type" content="text/html;charset=utf-8" />
  <meta name='ocr-system' content='tesseract 3.04.00' />
  <meta name='ocr-capabilities' content='ocr_page ocr_carea ocr_par ocr_line ocrx_word'/>
</head>
<body>
  <div class='ocr_page' id='page_1' title='image "./marcitulliicice04pedigoog_0372.png"; bbox 0 0 2296 3900; ppageno 0'>
   <div class='ocr_carea' id='block_1_1' title="bbox 318 39 1079 147">
    <p class='ocr_par' dir='ltr' id='par_1_1' title="bbox 318 39 1079 147">
     <span class='ocr_line' id='line_1_1' title="bbox 318 39 1079 147; baseline -0.005 -32"><span class='ocrx_word' id='word_1_1' title='bbox 318 48 403 147; x_wconf 55' lang='lat' dir='ltr'>perd</span> <span class='ocrx_word' id='word_1_2' title='bbox 462 40 637 113; x_wconf 71' lang='lat' dir='ltr'>vlatttrrtc·</span> <span class='ocrx_word' id='word_1_3' title='bbox 665 39 1079 111; x_wconf 77' lang='lat' dir='ltr'>Trnrtusnrernue</span> 
     </span>
    </p>
   </div>
   <div class='ocr_carea' id='block_1_2' title="bbox 168 154 1140 941">
    <p class='ocr_par' dir='ltr' id='par_1_2' title="bbox 168 154 1140 941">
     <span class='ocr_line' id='line_1_2' title="bbox 315 154 1140 234; baseline -0.005 -13"><span class='ocrx_word' id='word_1_4' title='bbox 315 154 369 225; x_wconf 88' lang='lat' dir='ltr'>nec</span> <span class='ocrx_word' id='word_1_5' title='bbox 383 159 542 219; x_wconf 80' lang='lat' dir='ltr'>mehercule</span> <span class='ocrx_word' id='word_1_6' title='bbox 556 157 644 234; x_wconf 79' lang='lat' dir='ltr'>scripsi</span> <span class='ocrx_word' id='word_1_7' title='bbox 665 158 768 226; x_wconf 82' lang='lat' dir='ltr'>aliter,</span> <span class='ocrx_word' id='word_1_8' title='bbox 795 174 827 216; x_wconf 82' lang='lat' dir='ltr'>ac</span> <span class='ocrx_word' id='word_1_9' title='bbox 848 158 870 218; x_wconf 88' lang='lat' dir='ltr'><strong>fi</strong></span> <span class='ocrx_word' id='word_1_10' title='bbox 889 158 956 226; x_wconf 71' lang='lat' dir='ltr'>reple</span> <span class='ocrx_word' id='word_1_11' title='bbox 975 156 1031 217; x_wconf 74' lang='lat' dir='ltr'>leon</span> <span class='ocrx_word' id='word_1_12' title='bbox 1052 156 1140 232; x_wconf 63' lang='lat' dir='ltr'>luem</span> 
     </span>
     <span class='ocr_line' id='line_1_3' title="bbox 314 234 1128 306; baseline -0.002 -7"><span class='ocrx_word' id='word_1_13' title='bbox 314 238 468 299; x_wconf 78' lang='lat' dir='ltr'><strong>scriberem.</strong></span> <span class='ocrx_word' id='word_1_14' title='bbox 506 235 578 295; x_wconf 89' lang='lat' dir='ltr'>bene</span> <span class='ocrx_word' id='word_1_15' title='bbox 599 237 675 294; x_wconf 91' lang='lat' dir='ltr'>enim</span> <span class='ocrx_word' id='word_1_16' title='bbox 698 234 825 293; x_wconf 85' lang='lat' dir='ltr'>existimo</span> <span class='ocrx_word' id='word_1_17' title='bbox 845 236 881 292; x_wconf 92' lang='lat' dir='ltr'>de</span> <span class='ocrx_word' id='word_1_18' title='bbox 900 235 950 294; x_wconf 88' lang='lat' dir='ltr'>illis</span> <span class='ocrx_word' id='word_1_19' title='bbox 969 235 1069 306; x_wconf 86' lang='lat' dir='ltr'>libris,</span> <span class='ocrx_word' id='word_1_20' title='bbox 1096 249 1128 297; x_wconf 93' lang='lat' dir='ltr'>ut</span> 
     </span>
     <span class='ocr_line' id='line_1_4' title="bbox 315 311 1140 389; baseline -0.002 -16"><span class='ocrx_word' id='word_1_21' title='bbox 315 331 421 373; x_wconf 82' lang='lat' dir='ltr'>coram.</span> <span class='ocrx_word' id='word_1_22' title='bbox 459 315 553 389; x_wconf 83' lang='lat' dir='ltr'>itaque</span> <span class='ocrx_word' id='word_1_23' title='bbox 567 311 673 387; x_wconf 87' lang='lat' dir='ltr'>scripfi,</span> <span class='ocrx_word' id='word_1_24' title='bbox 694 314 723 368; x_wconf 79' lang='grc' dir='ltr'>δε</span> <span class='ocrx_word' id='word_1_25' title='bbox 740 311 953 379; x_wconf 62' lang='lat' dir='ltr'>exonerent-nr,</span> <span class='ocrx_word' id='word_1_26' title='bbox 973 314 1140 381; x_wconf 72' lang='lat' dir='ltr'>&amp;tament</span> 
     </span>
     <span class='ocr_line' id='line_1_5' title="bbox 318 387 1140 453; baseline 0 -5"><span class='ocrx_word' id='word_1_27' title='bbox 318 402 351 448; x_wconf 91' lang='lat' dir='ltr'>ut</span> <span class='ocrx_word' id='word_1_28' title='bbox 365 389 434 449; x_wconf 90' lang='lat' dir='ltr'>nihil</span> <span class='ocrx_word' id='word_1_29' title='bbox 449 407 514 449; x_wconf 85' lang='lat' dir='ltr'>eum</span> <span class='ocrx_word' id='word_1_30' title='bbox 530 388 683 453; x_wconf 79' lang='lat' dir='ltr'>existimem</span> <span class='ocrx_word' id='word_1_31' title='bbox 704 387 840 445; x_wconf 73' lang='lat' dir='ltr'>lecturum</span> <span class='ocrx_word' id='word_1_32' title='bbox 861 387 995 448; x_wconf 81' lang='lat' dir='ltr'>libentius.</span> <span class='ocrx_word' id='word_1_33' title='bbox 1034 390 1083 448; x_wconf 93' lang='lat' dir='ltr'>De</span> <span class='ocrx_word' id='word_1_34' title='bbox 1103 390 1140 448; x_wconf 83' lang='lat' dir='ltr'>At</span> 
     </span>
     <span class='ocr_line' id='line_1_6' title="bbox 319 463 1140 544; baseline -0.005 -17"><span class='ocrx_word' id='word_1_35' title='bbox 319 485 396 527; x_wconf 88' lang='lat' dir='ltr'>nunc</span> <span class='ocrx_word' id='word_1_36' title='bbox 411 466 524 535; x_wconf 84' lang='lat' dir='ltr'>demum</span> <span class='ocrx_word' id='word_1_37' title='bbox 541 467 609 527; x_wconf 86' lang='lat' dir='ltr'>mihi</span> <span class='ocrx_word' id='word_1_38' title='bbox 623 463 660 529; x_wconf 84' lang='lat' dir='ltr'>est</span> <span class='ocrx_word' id='word_1_39' title='bbox 681 464 866 544; x_wconf 70' lang='lat' dir='ltr'>exploratum.</span> <span class='ocrx_word' id='word_1_40' title='bbox 876 482 878 487; x_wconf 84' lang='grc'><strong>’</strong></span> <span class='ocrx_word' id='word_1_41' title='bbox 903 467 998 543; x_wconf 81' lang='lat' dir='ltr'>itaque</span> <span class='ocrx_word' id='word_1_42' title='bbox 1019 467 1106 524; x_wconf 84' lang='lat' dir='ltr'>eide</span> <span class='ocrx_word' id='word_1_43' title='bbox 1126 467 1140 524; x_wconf 69' lang='lat' dir='ltr'>ir</span> 
     </span>
     <span class='ocr_line' id='line_1_7' title="bbox 321 539 1140 619; baseline -0.006 -17"><span class='ocrx_word' id='word_1_44' title='bbox 321 562 372 619; x_wconf 87' lang='lat' dir='ltr'>gro</span> <span class='ocrx_word' id='word_1_45' title='bbox 401 543 533 618; x_wconf 77' lang='lat' dir='ltr'>gratulare</span> <span class='ocrx_word' id='word_1_46' title='bbox 587 539 739 616; x_wconf 81' lang='lat' dir='ltr'><strong>Tigellium</strong></span> <span class='ocrx_word' id='word_1_47' title='bbox 766 552 859 598; x_wconf 90' lang='lat' dir='ltr'>totum</span> <span class='ocrx_word' id='word_1_48' title='bbox 888 542 957 600; x_wconf 89' lang='lat' dir='ltr'>mihi</span> <span class='ocrx_word' id='word_1_49' title='bbox 984 554 999 611; x_wconf 80' lang='lat'>‚⁴</span> <span class='ocrx_word' id='word_1_50' title='bbox 1028 544 1060 600; x_wconf 92' lang='lat'>&amp;</span> <span class='ocrx_word' id='word_1_51' title='bbox 1079 545 1140 618; x_wconf 79' lang='lat' dir='ltr'>quit</span> 
     </span>
     <span class='ocr_line' id='line_1_8' title="bbox 168 616 1138 697; baseline -0.001 -20"><span class='ocrx_word' id='word_1_52' title='bbox 168 637 298 693; x_wconf 58' lang='lat' dir='ltr'>enum.</span> <span class='ocrx_word' id='word_1_53' title='bbox 321 618 544 697; x_wconf 82' lang='lat' dir='ltr'>quamprimum:</span> <span class='ocrx_word' id='word_1_54' title='bbox 564 636 630 687; x_wconf 81' lang='lat' dir='ltr'>nant</span> <span class='ocrx_word' id='word_1_55' title='bbox 645 616 755 696; x_wconf 79' lang='lat' dir='ltr'>pendeo</span> <span class='ocrx_word' id='word_1_56' title='bbox 769 618 864 676; x_wconf 88' lang='lat' dir='ltr'>animi.</span> <span class='ocrx_word' id='word_1_57' title='bbox 900 618 1006 676; x_wconf 77' lang='lat' dir='ltr'>iNarro</span> <span class='ocrx_word' id='word_1_58' title='bbox 1018 616 1087 687; x_wconf 88' lang='lat' dir='ltr'>tibi,</span> <span class='ocrx_word' id='word_1_59' title='bbox 1109 622 1138 692; x_wconf 94' lang='lat' dir='ltr'><strong>Q</strong></span> 
     </span>
     <span class='ocr_line' id='line_1_9' title="bbox 172 692 1140 767; baseline 0.001 -16"><span class='ocrx_word' id='word_1_60' title='bbox 172 703 238 759; x_wconf 74' lang='lat' dir='ltr'>tabo.</span> <span class='ocrx_word' id='word_1_61' title='bbox 324 710 367 756; x_wconf 87' lang='lat' dir='ltr'>tus</span> <span class='ocrx_word' id='word_1_62' title='bbox 388 713 453 753; x_wconf 85' lang='lat' dir='ltr'>cras.</span> <span class='ocrx_word' id='word_1_63' title='bbox 492 693 537 752; x_wconf 91' lang='lat' dir='ltr'>sed</span> <span class='ocrx_word' id='word_1_64' title='bbox 557 693 592 752; x_wconf 83' lang='lat' dir='ltr'>ad</span> <span class='ocrx_word' id='word_1_65' title='bbox 620 711 667 751; x_wconf 92' lang='lat' dir='ltr'>me</span> <span class='ocrx_word' id='word_1_66' title='bbox 703 712 738 751; x_wconf 90' lang='lat' dir='ltr'>an</span> <span class='ocrx_word' id='word_1_67' title='bbox 761 692 797 752; x_wconf 82' lang='lat' dir='ltr'>ad</span> <span class='ocrx_word' id='word_1_68' title='bbox 823 707 852 751; x_wconf 90' lang='lat' dir='ltr'>te</span> <span class='ocrx_word' id='word_1_69' title='bbox 872 694 974 767; x_wconf 72' lang='lat' dir='ltr'>nescio.</span> <span class='ocrx_word' id='word_1_70' title='bbox 1012 695 1082 752; x_wconf 70' lang='lat' dir='ltr'>kmt</span> <span class='ocrx_word' id='word_1_71' title='bbox 1103 694 1140 752; x_wconf 86' lang='lat' dir='ltr'>scr</span> 
     </span>
     <span class='ocr_line' id='line_1_10' title="bbox 173 763 1140 845; baseline -0.005 -12"><span class='ocrx_word' id='word_1_72' title='bbox 173 763 268 840; x_wconf 71' lang='lat' dir='ltr'>ltprihi</span> <span class='ocrx_word' id='word_1_73' title='bbox 328 775 451 833; x_wconf 84' lang='lat' dir='ltr'>Romam</span> <span class='ocrx_word' id='word_1_74' title='bbox 468 788 534 828; x_wconf 82' lang='lat' dir='ltr'>vrit.</span> <span class='ocrx_word' id='word_1_75' title='bbox 548 769 601 827; x_wconf 82' lang='lat' dir='ltr'>kal.</span> <span class='ocrx_word' id='word_1_76' title='bbox 621 770 666 827; x_wconf 85' lang='lat' dir='ltr'>sed</span> <span class='ocrx_word' id='word_1_77' title='bbox 680 769 741 828; x_wconf 88' lang='lat' dir='ltr'>misr</span> <span class='ocrx_word' id='word_1_78' title='bbox 761 811 770 838; x_wconf 89' lang='lat'><strong>,</strong></span> <span class='ocrx_word' id='word_1_79' title='bbox 791 770 839 845; x_wconf 91' lang='lat' dir='ltr'>qui</span> <span class='ocrx_word' id='word_1_80' title='bbox 860 771 989 829; x_wconf 85' lang='lat' dir='ltr'>invitaret</span> <span class='ocrx_word' id='word_1_81' title='bbox 1010 790 1018 828; x_wconf 75' lang='grc' dir='ltr'><strong>ι</strong></span> <span class='ocrx_word' id='word_1_82' title='bbox 1048 770 1097 829; x_wconf 82' lang='lat' dir='ltr'>etsi</span> <span class='ocrx_word' id='word_1_83' title='bbox 1112 771 1140 829; x_wconf 87' lang='lat' dir='ltr'>ht</span> 
     </span>
     <span class='ocr_line' id='line_1_11' title="bbox 174 829 1129 941; baseline -0.002 -34"><span class='ocrx_word' id='word_1_84' title='bbox 174 829 228 927; x_wconf 48' lang='lat'>,⁴²35</span> <span class='ocrx_word' id='word_1_85' title='bbox 325 851 385 929; x_wconf 83' lang='lat' dir='ltr'>jam</span> <span class='ocrx_word' id='word_1_86' title='bbox 401 849 523 923; x_wconf 76' lang='lat' dir='ltr'>Rpmarn</span> <span class='ocrx_word' id='word_1_87' title='bbox 538 846 709 934; x_wconf 76' lang='lat' dir='ltr'>ueniendum</span> <span class='ocrx_word' id='word_1_88' title='bbox 722 845 776 916; x_wconf 87' lang='lat' dir='ltr'>est,</span> <span class='ocrx_word' id='word_1_89' title='bbox 795 862 833 906; x_wconf 85' lang='lat' dir='ltr'>ne</span> <span class='ocrx_word' id='word_1_90' title='bbox 847 847 892 906; x_wconf 92' lang='lat' dir='ltr'>ille</span> <span class='ocrx_word' id='word_1_91' title='bbox 906 845 971 938; x_wconf 75' lang='lat' dir='ltr'>aute</span> <span class='ocrx_word' id='word_1_92' title='bbox 985 845 1129 941; x_wconf 66' lang='lat' dir='ltr'>aduolet.x</span> 
     </span>
    </p>
   </div>
   <div class='ocr_carea' id='block_1_3' title="bbox 438 1001 1008 1233">
    <p class='ocr_par' dir='ltr' id='par_1_3' title="bbox 438 1001 1008 1233">
     <span class='ocr_line' id='line_1_12' title="bbox 585 1001 938 1072; baseline 0.008 -25"><span class='ocrx_word' id='word_1_93' title='bbox 585 1002 846 1072; x_wconf 68' lang='lat' dir='ltr'>rrtsrqun</span> <span class='ocrx_word' id='word_1_94' title='bbox 876 1001 938 1068; x_wconf 76' lang='lat' dir='ltr'>uir.</span> 
     </span>
     <span class='ocr_line' id='line_1_13' title="bbox 438 1128 1008 1233; baseline 0.014 -6"><span class='ocrx_word' id='word_1_95' title='bbox 438 1128 440 1131; x_wconf 79' lang='grc'><strong>’</strong></span> <span class='ocrx_word' id='word_1_96' title='bbox 535 1154 718 1229; x_wconf 69' lang='lat' dir='ltr'>merto</span> <span class='ocrx_word' id='word_1_97' title='bbox 746 1151 940 1233; x_wconf 70' lang='lat' dir='ltr'>tumeo</span> <span class='ocrx_word' id='word_1_98' title='bbox 980 1152 1008 1233; x_wconf 51' lang='lat' dir='ltr'>st</span> 
     </span>
    </p>
   </div>
   <div class='ocr_carea' id='block_1_4' title="bbox 183 1307 1140 1932">
    <p class='ocr_par' dir='ltr' id='par_1_4' title="bbox 183 1307 1140 1932">
     <span class='ocr_line' id='line_1_14' title="bbox 337 1307 1140 1420; baseline -0.002 -53"><span class='ocrx_word' id='word_1_99' title='bbox 337 1318 390 1420; x_wconf 80' lang='grc' dir='ltr'>Ο</span> <span class='ocrx_word' id='word_1_100' title='bbox 410 1311 656 1381; x_wconf 58' lang='lat' dir='ltr'>{lHosrrrrtru</span> <span class='ocrx_word' id='word_1_101' title='bbox 673 1307 743 1366; x_wconf 89' lang='lat' dir='ltr'>mihi</span> <span class='ocrx_word' id='word_1_102' title='bbox 755 1319 814 1380; x_wconf 79' lang='lat' dir='ltr'>tam</span> <span class='ocrx_word' id='word_1_103' title='bbox 829 1312 960 1385; x_wconf 82' lang='lat' dir='ltr'>gravem!</span> <span class='ocrx_word' id='word_1_104' title='bbox 981 1307 1140 1378; x_wconf 68' lang='grc' dir='ltr'>ἂμεεαμίλ</span> 
     </span>
     <span class='ocr_line' id='line_1_15' title="bbox 411 1383 1140 1461; baseline 0 -17"><span class='ocrx_word' id='word_1_105' title='bbox 411 1389 462 1444; x_wconf 90' lang='lat' dir='ltr'>fuit</span> <span class='ocrx_word' id='word_1_106' title='bbox 476 1387 550 1444; x_wconf 88' lang='lat' dir='ltr'>enim</span> <span class='ocrx_word' id='word_1_107' title='bbox 565 1383 742 1461; x_wconf 73' lang='lat' dir='ltr'>periucunde.</span> <span class='ocrx_word' id='word_1_108' title='bbox 780 1384 826 1443; x_wconf 89' lang='lat' dir='ltr'>sed</span> <span class='ocrx_word' id='word_1_109' title='bbox 842 1386 907 1444; x_wconf 80' lang='lat' dir='ltr'>clim</span> <span class='ocrx_word' id='word_1_110' title='bbox 923 1384 1049 1443; x_wconf 88' lang='lat' dir='ltr'>secundis</span> <span class='ocrx_word' id='word_1_111' title='bbox 1063 1386 1140 1445; x_wconf 89' lang='lat' dir='ltr'>Satur</span> 
     </span>
     <span class='ocr_line' id='line_1_16' title="bbox 183 1459 1137 1541; baseline -0.015 -7"><span class='ocrx_word' id='word_1_112' title='bbox 183 1482 242 1541; x_wconf 82' lang='lat' dir='ltr'>lad</span> <span class='ocrx_word' id='word_1_113' title='bbox 259 1495 299 1531; x_wconf 87' lang='lat' dir='ltr'>me</span> <span class='ocrx_word' id='word_1_114' title='bbox 338 1465 387 1524; x_wconf 88' lang='lat' dir='ltr'>bus</span> <span class='ocrx_word' id='word_1_115' title='bbox 400 1462 449 1519; x_wconf 79' lang='lat' dir='ltr'>lud</span> <span class='ocrx_word' id='word_1_116' title='bbox 464 1463 619 1537; x_wconf 89' lang='lat' dir='ltr'>Philippum</span> <span class='ocrx_word' id='word_1_117' title='bbox 641 1459 745 1535; x_wconf 84' lang='lat' dir='ltr'>vesperi</span> <span class='ocrx_word' id='word_1_118' title='bbox 766 1459 904 1531; x_wconf 86' lang='lat' dir='ltr'>veniffet,</span> <span class='ocrx_word' id='word_1_119' title='bbox 923 1460 987 1519; x_wconf 85' lang='lat' dir='ltr'>villa</span> <span class='ocrx_word' id='word_1_120' title='bbox 1008 1463 1047 1519; x_wconf 85' lang='lat' dir='ltr'>ita</span> <span class='ocrx_word' id='word_1_121' title='bbox 1069 1480 1137 1520; x_wconf 89' lang='lat' dir='ltr'>cotn</span> 
     </span>
     <span class='ocr_line' id='line_1_17' title="bbox 186 1536 1135 1613; baseline -0.001 -15"><span class='ocrx_word' id='word_1_122' title='bbox 186 1540 249 1612; x_wconf 78' lang='lat' dir='ltr'>lelp.</span> <span class='ocrx_word' id='word_1_123' title='bbox 258 1545 326 1592; x_wconf 62' lang='lat' dir='ltr'>MSS·</span> <span class='ocrx_word' id='word_1_124' title='bbox 340 1539 471 1598; x_wconf 82' lang='lat' dir='ltr'>militibus</span> <span class='ocrx_word' id='word_1_125' title='bbox 484 1538 537 1606; x_wconf 88' lang='lat' dir='ltr'>est,</span> <span class='ocrx_word' id='word_1_126' title='bbox 556 1551 587 1595; x_wconf 94' lang='lat' dir='ltr'>ut</span> <span class='ocrx_word' id='word_1_127' title='bbox 600 1538 647 1594; x_wconf 84' lang='lat' dir='ltr'>vix</span> <span class='ocrx_word' id='word_1_128' title='bbox 660 1536 826 1608; x_wconf 85' lang='lat' dir='ltr'>triclinium,</span> <span class='ocrx_word' id='word_1_129' title='bbox 846 1537 892 1596; x_wconf 93' lang='lat' dir='ltr'>ubi</span> <span class='ocrx_word' id='word_1_130' title='bbox 902 1548 1063 1599; x_wconf 81' lang='lat' dir='ltr'>caenaturus</span> <span class='ocrx_word' id='word_1_131' title='bbox 1077 1539 1135 1613; x_wconf 88' lang='lat' dir='ltr'>ipse</span> 
     </span>
     <span class='ocr_line' id='line_1_18' title="bbox 190 1612 1140 1689; baseline -0.001 -15"><span class='ocrx_word' id='word_1_132' title='bbox 190 1620 194 1627; x_wconf 90' lang='lat'>&#39;</span> <span class='ocrx_word' id='word_1_133' title='bbox 338 1616 378 1675; x_wconf 78' lang='lat' dir='ltr'>sar</span> <span class='ocrx_word' id='word_1_134' title='bbox 392 1612 474 1684; x_wconf 83' lang='lat' dir='ltr'>ellet,</span> <span class='ocrx_word' id='word_1_135' title='bbox 494 1625 618 1672; x_wconf 82' lang='lat' dir='ltr'>vacaret:</span> <span class='ocrx_word' id='word_1_136' title='bbox 639 1612 778 1689; x_wconf 87' lang='lat' dir='ltr'>²⁶quippe</span> <span class='ocrx_word' id='word_1_137' title='bbox 792 1615 941 1673; x_wconf 89' lang='lat' dir='ltr'>hominum</span> <span class='ocrx_word' id='word_1_138' title='bbox 949 1629 996 1671; x_wconf 73' lang='lat' dir='ltr'>cra</span> <span class='ocrx_word' id='word_1_139' title='bbox 1005 1630 1062 1672; x_wconf 68' lang='lat' dir='ltr'>cra.</span> <span class='ocrx_word' id='word_1_140' title='bbox 1083 1612 1140 1673; x_wconf 78' lang='lat' dir='ltr'>sarid</span> 
     </span>
     <span class='ocr_line' id='line_1_19' title="bbox 340 1687 1140 1769; baseline 0 -19"><span class='ocrx_word' id='word_1_141' title='bbox 340 1703 518 1760; x_wconf 88' lang='lat' dir='ltr'>commotus,</span> <span class='ocrx_word' id='word_1_142' title='bbox 538 1690 605 1769; x_wconf 88' lang='lat' dir='ltr'>quid</span> <span class='ocrx_word' id='word_1_143' title='bbox 618 1691 741 1748; x_wconf 88' lang='lat' dir='ltr'>futurum</span> <span class='ocrx_word' id='word_1_144' title='bbox 757 1687 821 1749; x_wconf 86' lang='lat' dir='ltr'>effet</span> <span class='ocrx_word' id='word_1_145' title='bbox 835 1689 978 1766; x_wconf 80' lang='lat' dir='ltr'>postridie:</span> <span class='ocrx_word' id='word_1_146' title='bbox 999 1707 1032 1748; x_wconf 89' lang='lat' dir='ltr'>ac</span> <span class='ocrx_word' id='word_1_147' title='bbox 1047 1691 1140 1750; x_wconf 91' lang='lat' dir='ltr'>mihil</span> 
     </span>
     <span class='ocr_line' id='line_1_20' title="bbox 188 1760 1132 1885; baseline 0 -58"><span class='ocrx_word' id='word_1_148' title='bbox 188 1770 311 1885; x_wconf 48' lang='lat' dir='ltr'>unffi</span> <span class='ocrx_word' id='word_1_149' title='bbox 340 1767 441 1853; x_wconf 69' lang='lat' dir='ltr'>Caffiuc</span> <span class='ocrx_word' id='word_1_150' title='bbox 454 1766 601 1854; x_wconf 70' lang='lat' dir='ltr'>subrepit:</span> <span class='ocrx_word' id='word_1_151' title='bbox 620 1760 744 1829; x_wconf 74' lang='lat' dir='ltr'>custodes</span> <span class='ocrx_word' id='word_1_152' title='bbox 759 1765 843 1829; x_wconf 87' lang='lat' dir='ltr'>dedit.</span> <span class='ocrx_word' id='word_1_153' title='bbox 880 1766 963 1827; x_wconf 82' lang='lat' dir='ltr'>castra</span> <span class='ocrx_word' id='word_1_154' title='bbox 983 1767 1015 1843; x_wconf 75' lang='lat' dir='ltr'>in</span> <span class='ocrx_word' id='word_1_155' title='bbox 1036 1783 1110 1845; x_wconf 82' lang='lat' dir='ltr'>agrq</span> <span class='ocrx_word' id='word_1_156' title='bbox 1121 1787 1132 1827; x_wconf 71' lang='grc' dir='ltr'>ι</span> 
     </span>
     <span class='ocr_line' id='line_1_21' title="bbox 193 1894 247 1932; baseline 0.019 -3"><span class='ocrx_word' id='word_1_157' title='bbox 193 1894 212 1932; x_wconf 74' lang='grc' dir='ltr'>ί,</span> <span class='ocrx_word' id='word_1_158' title='bbox 243 1923 247 1930; x_wconf 92' lang='grc'><em>.</em></span> 
     </span>
    </p>
   </div>
   <div class='ocr_carea' id='block_1_5' title="bbox 339 1994 1140 3481">
    <p class='ocr_par' dir='ltr' id='par_1_5' title="bbox 339 1994 1140 2563">
     <span class='ocr_line' id='line_1_22' title="bbox 339 1994 1140 2057; baseline -0.006 -4"><span class='ocrx_word' id='word_1_159' title='bbox 339 2011 425 2053; x_wconf 79' lang='lat' dir='ltr'>eontra</span> <span class='ocrx_word' id='word_1_160' title='bbox 439 2005 559 2052; x_wconf 71' lang='lat' dir='ltr'>catonem</span> <span class='ocrx_word' id='word_1_161' title='bbox 575 1999 691 2057; x_wconf 65' lang='lat' dir='ltr'>lauded,</span> <span class='ocrx_word' id='word_1_162' title='bbox 712 2000 759 2052; x_wconf 87' lang='lat' dir='ltr'>lroc</span> <span class='ocrx_word' id='word_1_163' title='bbox 776 2016 826 2050; x_wconf 91' lang='lat' dir='ltr'>non</span> <span class='ocrx_word' id='word_1_164' title='bbox 841 1998 984 2050; x_wconf 73' lang='lat' dir='ltr'>fecienimo</span> <span class='ocrx_word' id='word_1_165' title='bbox 1002 1994 1140 2048; x_wconf 78' lang='lat' dir='ltr'>affentnndi</span> 
     </span>
     <span class='ocr_line' id='line_1_23' title="bbox 340 2062 1118 2128; baseline -0.009 -14"><span class='ocrx_word' id='word_1_166' title='bbox 340 2066 406 2114; x_wconf 75' lang='lat' dir='ltr'>resto</span> <span class='ocrx_word' id='word_1_167' title='bbox 419 2067 443 2114; x_wconf 87' lang='lat'>&amp;</span> <span class='ocrx_word' id='word_1_168' title='bbox 454 2063 558 2114; x_wconf 77' lang='lat' dir='ltr'>finceroz</span> <span class='ocrx_word' id='word_1_169' title='bbox 574 2067 629 2128; x_wconf 83' lang='lat' dir='ltr'>quia</span> <span class='ocrx_word' id='word_1_170' title='bbox 640 2065 699 2113; x_wconf 92' lang='lat' dir='ltr'>bene</span> <span class='ocrx_word' id='word_1_171' title='bbox 708 2064 819 2113; x_wconf 83' lang='lat' dir='ltr'>existimo</span> <span class='ocrx_word' id='word_1_172' title='bbox 834 2064 864 2114; x_wconf 90' lang='lat' dir='ltr'>de</span> <span class='ocrx_word' id='word_1_173' title='bbox 879 2065 926 2112; x_wconf 88' lang='lat' dir='ltr'>illis</span> <span class='ocrx_word' id='word_1_174' title='bbox 936 2063 1009 2111; x_wconf 86' lang='lat' dir='ltr'>libris.</span> <span class='ocrx_word' id='word_1_175' title='bbox 1027 2062 1118 2124; x_wconf 72' lang='lat' dir='ltr'>Popmal</span> 
     </span>
     <span class='ocr_line' id='line_1_24' title="bbox 341 2124 1140 2188; baseline -0.004 -11"><span class='ocrx_word' id='word_1_176' title='bbox 341 2129 406 2177; x_wconf 84' lang='lat' dir='ltr'>torris</span> <span class='ocrx_word' id='word_1_177' title='bbox 417 2127 527 2176; x_wconf 76' lang='lat' dir='ltr'>conditur</span> <span class='ocrx_word' id='word_1_178' title='bbox 537 2143 587 2176; x_wconf 92' lang='lat' dir='ltr'>non</span> <span class='ocrx_word' id='word_1_179' title='bbox 598 2131 710 2186; x_wconf 78' lang='lat' dir='ltr'>Micylus,</span> <span class='ocrx_word' id='word_1_180' title='bbox 726 2141 764 2175; x_wconf 86' lang='lat' dir='ltr'>nut</span> <span class='ocrx_word' id='word_1_181' title='bbox 780 2130 902 2188; x_wconf 77' lang='lat' dir='ltr'>Micyllus,</span> <span class='ocrx_word' id='word_1_182' title='bbox 916 2124 954 2175; x_wconf 87' lang='lat' dir='ltr'>sed</span> <span class='ocrx_word' id='word_1_183' title='bbox 972 2125 1079 2184; x_wconf 71' lang='lat' dir='ltr'>Mtftelos</span> <span class='ocrx_word' id='word_1_184' title='bbox 1090 2127 1140 2181; x_wconf 89' lang='lat'>‚·&amp;</span> 
     </span>
     <span class='ocr_line' id='line_1_25' title="bbox 341 2185 1140 2254; baseline -0.003 -16"><span class='ocrx_word' id='word_1_185' title='bbox 341 2190 414 2238; x_wconf 83' lang='lat' dir='ltr'>nullis</span> <span class='ocrx_word' id='word_1_186' title='bbox 425 2193 535 2251; x_wconf 77' lang='lat' dir='ltr'>Myscellos</span> <span class='ocrx_word' id='word_1_187' title='bbox 549 2188 625 2238; x_wconf 72' lang='lat' dir='ltr'>didus</span> <span class='ocrx_word' id='word_1_188' title='bbox 634 2189 681 2246; x_wconf 87' lang='lat' dir='ltr'>est,</span> <span class='ocrx_word' id='word_1_189' title='bbox 697 2202 723 2239; x_wconf 92' lang='lat' dir='ltr'>ut</span> <span class='ocrx_word' id='word_1_190' title='bbox 734 2189 823 2254; x_wconf 83' lang='lat' dir='ltr'>pridem</span> <span class='ocrx_word' id='word_1_191' title='bbox 835 2204 948 2238; x_wconf 90' lang='lat' dir='ltr'>monuere</span> <span class='ocrx_word' id='word_1_192' title='bbox 962 2188 1005 2236; x_wconf 83' lang='lat' dir='ltr'>viri</span> <span class='ocrx_word' id='word_1_193' title='bbox 1021 2185 1140 2236; x_wconf 73' lang='lat' dir='ltr'>doutffin</span> 
     </span>
     <span class='ocr_line' id='line_1_26' title="bbox 343 2251 1134 2316; baseline 0.001 -18"><span class='ocrx_word' id='word_1_194' title='bbox 343 2251 437 2314; x_wconf 85' lang='lat' dir='ltr'>eyllus,</span> <span class='ocrx_word' id='word_1_195' title='bbox 465 2256 488 2302; x_wconf 84' lang='lat' dir='ltr'>P.</span> <span class='ocrx_word' id='word_1_196' title='bbox 508 2251 643 2316; x_wconf 82' lang='lat' dir='ltr'>Leopardue</span> <span class='ocrx_word' id='word_1_197' title='bbox 673 2255 698 2302; x_wconf 76' lang='grc' dir='ltr'>δι</span> <span class='ocrx_word' id='word_1_198' title='bbox 719 2254 776 2303; x_wconf 74' lang='lat' dir='ltr'>Nic.</span> <span class='ocrx_word' id='word_1_199' title='bbox 797 2253 911 2303; x_wconf 80' lang='lat' dir='ltr'>Heinfius.</span> <span class='ocrx_word' id='word_1_200' title='bbox 944 2259 1027 2313; x_wconf 83' lang='lat' dir='ltr'>ltaque</span> <span class='ocrx_word' id='word_1_201' title='bbox 1049 2251 1134 2299; x_wconf 85' lang='lat' dir='ltr'>locum</span> 
     </span>
     <span class='ocr_line' id='line_1_27' title="bbox 343 2313 1140 2380; baseline 0.003 -18"><span class='ocrx_word' id='word_1_202' title='bbox 343 2316 417 2362; x_wconf 80' lang='lat' dir='ltr'>etiam</span> <span class='ocrx_word' id='word_1_203' title='bbox 429 2318 526 2364; x_wconf 88' lang='lat' dir='ltr'>nuncin</span> <span class='ocrx_word' id='word_1_204' title='bbox 536 2315 626 2364; x_wconf 89' lang='lat' dir='ltr'>mendo</span> <span class='ocrx_word' id='word_1_205' title='bbox 636 2315 720 2364; x_wconf 83' lang='lat' dir='ltr'>cubare</span> <span class='ocrx_word' id='word_1_206' title='bbox 730 2316 808 2380; x_wconf 83' lang='lat' dir='ltr'>gravi,</span> <span class='ocrx_word' id='word_1_207' title='bbox 825 2319 849 2365; x_wconf 76' lang='grc' dir='ltr'>δε</span> <span class='ocrx_word' id='word_1_208' title='bbox 861 2318 900 2364; x_wconf 80' lang='lat' dir='ltr'>vix</span> <span class='ocrx_word' id='word_1_209' title='bbox 911 2313 1081 2368; x_wconf 75' lang='lat' dir='ltr'>fine-melioris</span> <span class='ocrx_word' id='word_1_210' title='bbox 1093 2313 1140 2363; x_wconf 83' lang='lat' dir='ltr'>libr</span> 
     </span>
     <span class='ocr_line' id='line_1_28' title="bbox 343 2373 1140 2443; baseline 0 -18"><span class='ocrx_word' id='word_1_211' title='bbox 343 2373 406 2427; x_wconf 83' lang='lat' dir='ltr'>fidio</span> <span class='ocrx_word' id='word_1_212' title='bbox 418 2378 520 2427; x_wconf 91' lang='lat' dir='ltr'>eluendo</span> <span class='ocrx_word' id='word_1_213' title='bbox 531 2379 612 2427; x_wconf 79' lang='lat' dir='ltr'>lubens</span> <span class='ocrx_word' id='word_1_214' title='bbox 624 2378 734 2443; x_wconf 81' lang='lat' dir='ltr'>agnosco.</span> <span class='ocrx_word' id='word_1_215' title='bbox 752 2380 882 2429; x_wconf 81' lang='lat' dir='ltr'>Balliol.·&amp;</span> <span class='ocrx_word' id='word_1_216' title='bbox 899 2374 999 2427; x_wconf 80' lang='lat' dir='ltr'>Helmll.</span> <span class='ocrx_word' id='word_1_217' title='bbox 1014 2377 1140 2438; x_wconf 76' lang='lat' dir='ltr'>vulgarem</span> 
     </span>
     <span class='ocr_line' id='line_1_29' title="bbox 343 2438 1130 2506; baseline -0.001 -17"><span class='ocrx_word' id='word_1_218' title='bbox 343 2440 441 2489; x_wconf 90' lang='lat' dir='ltr'>brorum</span> <span class='ocrx_word' id='word_1_219' title='bbox 450 2442 585 2506; x_wconf 79' lang='lat' dir='ltr'>scripturam</span> <span class='ocrx_word' id='word_1_220' title='bbox 596 2443 714 2490; x_wconf 79' lang='lat' dir='ltr'>retinent:</span> <span class='ocrx_word' id='word_1_221' title='bbox 732 2460 756 2488; x_wconf 81' lang='lat' dir='ltr'>ne</span> <span class='ocrx_word' id='word_1_222' title='bbox 765 2444 858 2488; x_wconf 76' lang='lat' dir='ltr'>ridicule</span> <span class='ocrx_word' id='word_1_223' title='bbox 868 2443 980 2502; x_wconf 75' lang='lat' dir='ltr'>Micyllus.</span> <span class='ocrx_word' id='word_1_224' title='bbox 997 2442 1022 2488; x_wconf 67' lang='grc' dir='ltr'>ὃ(</span> <span class='ocrx_word' id='word_1_225' title='bbox 1035 2438 1130 2505; x_wconf 77' lang='lat' dir='ltr'>praestct</span> 
     </span>
     <span class='ocr_line' id='line_1_30' title="bbox 345 2504 1049 2563; baseline 0 -11"><span class='ocrx_word' id='word_1_226' title='bbox 345 2519 398 2552; x_wconf 85' lang='lat' dir='ltr'>non</span> <span class='ocrx_word' id='word_1_227' title='bbox 409 2504 528 2563; x_wconf 77' lang='lat' dir='ltr'>recedere,</span> <span class='ocrx_word' id='word_1_228' title='bbox 536 2505 621 2554; x_wconf 76' lang='lat' dir='ltr'>&#39;donec</span> <span class='ocrx_word' id='word_1_229' title='bbox 631 2519 739 2553; x_wconf 84' lang='lat' dir='ltr'>eruantur</span> <span class='ocrx_word' id='word_1_230' title='bbox 749 2505 853 2553; x_wconf 82' lang='lat' dir='ltr'>certiora.</span> <span class='ocrx_word' id='word_1_231' title='bbox 887 2509 960 2553; x_wconf 70' lang='grc' dir='ltr'>σεεν.</span> <span class='ocrx_word' id='word_1_232' title='bbox 1046 2540 1049 2546; x_wconf 87' lang='grc'>.</span> 
     </span>
    </p>

    <p class='ocr_par' dir='ltr' id='par_1_6' title="bbox 343 2564 1140 3072">
     <span class='ocr_line' id='line_1_31' title="bbox 379 2564 1140 2629; baseline -0.003 -14"><span class='ocrx_word' id='word_1_233' title='bbox 379 2582 417 2622; x_wconf 85' lang='lat'>25.</span> <span class='ocrx_word' id='word_1_234' title='bbox 434 2574 451 2613; x_wconf 88' lang='grc' dir='ltr'><em>ο</em></span> <span class='ocrx_word' id='word_1_235' title='bbox 462 2569 581 2629; x_wconf 68' lang='lat' dir='ltr'>hospitem]</span> <span class='ocrx_word' id='word_1_236' title='bbox 593 2567 704 2616; x_wconf 76' lang='lat' dir='ltr'>Timebat</span> <span class='ocrx_word' id='word_1_237' title='bbox 717 2568 816 2623; x_wconf 88' lang='lat' dir='ltr'>cicero,</span> <span class='ocrx_word' id='word_1_238' title='bbox 831 2581 861 2616; x_wconf 84' lang='lat' dir='ltr'>tte</span> <span class='ocrx_word' id='word_1_239' title='bbox 871 2567 964 2622; x_wconf 72' lang='lat' dir='ltr'>Cesar,</span> <span class='ocrx_word' id='word_1_240' title='bbox 981 2579 1057 2628; x_wconf 84' lang='lat' dir='ltr'>quem</span> <span class='ocrx_word' id='word_1_241' title='bbox 1069 2564 1140 2629; x_wconf 76' lang='lat' dir='ltr'>hospi</span> 
     </span>
     <span class='ocr_line' id='line_1_32' title="bbox 343 2627 1140 2694; baseline -0.001 -18"><span class='ocrx_word' id='word_1_242' title='bbox 343 2642 452 2692; x_wconf 86' lang='lat' dir='ltr'>cepturus</span> <span class='ocrx_word' id='word_1_243' title='bbox 463 2644 511 2679; x_wconf 81' lang='lat' dir='ltr'>erat</span> <span class='ocrx_word' id='word_1_244' title='bbox 523 2665 530 2687; x_wconf 89' lang='lat'>‚</span> <span class='ocrx_word' id='word_1_245' title='bbox 545 2629 587 2679; x_wconf 85' lang='lat' dir='ltr'>libi</span> <span class='ocrx_word' id='word_1_246' title='bbox 592 2632 668 2694; x_wconf 81' lang='lat' dir='ltr'>gravis</span> <span class='ocrx_word' id='word_1_247' title='bbox 680 2633 704 2679; x_wconf 79' lang='grc' dir='ltr'>δι</span> <span class='ocrx_word' id='word_1_248' title='bbox 715 2629 827 2678; x_wconf 83' lang='lat' dir='ltr'>molestus</span> <span class='ocrx_word' id='word_1_249' title='bbox 838 2627 992 2694; x_wconf 75' lang='lat' dir='ltr'>hospecellet.</span> <span class='ocrx_word' id='word_1_250' title='bbox 1011 2627 1053 2677; x_wconf 90' lang='lat' dir='ltr'>sed</span> <span class='ocrx_word' id='word_1_251' title='bbox 1067 2631 1140 2694; x_wconf 86' lang='lat' dir='ltr'>perier</span> 
     </span>
     <span class='ocr_line' id='line_1_33' title="bbox 346 2689 1140 2756; baseline 0.004 -18"><span class='ocrx_word' id='word_1_252' title='bbox 346 2692 388 2738; x_wconf 71' lang='lat' dir='ltr'>elo</span> <span class='ocrx_word' id='word_1_253' title='bbox 398 2707 456 2740; x_wconf 85' lang='lat' dir='ltr'>eum</span> <span class='ocrx_word' id='word_1_254' title='bbox 463 2693 559 2742; x_wconf 81' lang='lat' dir='ltr'>facilem</span> <span class='ocrx_word' id='word_1_255' title='bbox 569 2694 675 2756; x_wconf 81' lang='lat' dir='ltr'>agnovit.</span> <span class='ocrx_word' id='word_1_256' title='bbox 707 2692 794 2741; x_wconf 90' lang='lat' dir='ltr'>idcirco</span> <span class='ocrx_word' id='word_1_257' title='bbox 806 2695 839 2741; x_wconf 91' lang='lat' dir='ltr'>alt</span> <span class='ocrx_word' id='word_1_258' title='bbox 851 2729 859 2751; x_wconf 87' lang='lat'>,</span> <span class='ocrx_word' id='word_1_259' title='bbox 875 2709 891 2741; x_wconf 92' lang='lat' dir='ltr'>o</span> <span class='ocrx_word' id='word_1_260' title='bbox 902 2693 962 2741; x_wconf 89' lang='lat' dir='ltr'>milri</span> <span class='ocrx_word' id='word_1_261' title='bbox 970 2689 1091 2754; x_wconf 89' lang='lat' dir='ltr'>hospitem</span> <span class='ocrx_word' id='word_1_262' title='bbox 1104 2706 1140 2741; x_wconf 80' lang='lat' dir='ltr'>tat</span> 
     </span>
     <span class='ocr_line' id='line_1_34' title="bbox 345 2755 1133 2819; baseline 0.004 -17"><span class='ocrx_word' id='word_1_263' title='bbox 345 2755 416 2805; x_wconf 77' lang='lat' dir='ltr'>vem!</span> <span class='ocrx_word' id='word_1_264' title='bbox 434 2755 499 2818; x_wconf 77' lang='lat' dir='ltr'>quest</span> <span class='ocrx_word' id='word_1_265' title='bbox 509 2757 672 2818; x_wconf 85' lang='lat' dir='ltr'>dicat,·quem</span> <span class='ocrx_word' id='word_1_266' title='bbox 684 2757 743 2804; x_wconf 83' lang='lat' dir='ltr'>milri</span> <span class='ocrx_word' id='word_1_267' title='bbox 754 2755 823 2804; x_wconf 83' lang='lat' dir='ltr'>valde</span> <span class='ocrx_word' id='word_1_268' title='bbox 832 2770 927 2819; x_wconf 81' lang='lat' dir='ltr'>gravem</span> <span class='ocrx_word' id='word_1_269' title='bbox 937 2756 989 2804; x_wconf 83' lang='lat' dir='ltr'>fore</span> <span class='ocrx_word' id='word_1_270' title='bbox 1001 2755 1133 2819; x_wconf 79' lang='lat' dir='ltr'>putabam,</span> 
     </span>
     <span class='ocr_line' id='line_1_35' title="bbox 348 2817 1140 2882; baseline 0.003 -17"><span class='ocrx_word' id='word_1_271' title='bbox 348 2817 375 2865; x_wconf 87' lang='lat' dir='ltr'>hi</span> <span class='ocrx_word' id='word_1_272' title='bbox 386 2820 486 2867; x_wconf 89' lang='lat' dir='ltr'>minime</span> <span class='ocrx_word' id='word_1_273' title='bbox 495 2818 606 2867; x_wconf 83' lang='lat' dir='ltr'>molestus</span> <span class='ocrx_word' id='word_1_274' title='bbox 618 2818 670 2867; x_wconf 87' lang='lat' dir='ltr'>fuit.</span> <span class='ocrx_word' id='word_1_275' title='bbox 702 2820 782 2878; x_wconf 80' lang='lat' dir='ltr'>itaque</span> <span class='ocrx_word' id='word_1_276' title='bbox 794 2817 923 2882; x_wconf 80' lang='lat' dir='ltr'>subiungit,</span> <span class='ocrx_word' id='word_1_277' title='bbox 939 2821 1140 2876; x_wconf 59' lang='lat' dir='ltr'>determinem,</span> 
     </span>
     <span class='ocr_line' id='line_1_36' title="bbox 349 2881 1140 2946; baseline 0.004 -19"><span class='ocrx_word' id='word_1_278' title='bbox 349 2894 405 2928; x_wconf 89' lang='lat' dir='ltr'>eum</span> <span class='ocrx_word' id='word_1_279' title='bbox 416 2896 465 2929; x_wconf 89' lang='lat' dir='ltr'>non</span> <span class='ocrx_word' id='word_1_280' title='bbox 477 2883 602 2945; x_wconf 80' lang='lat' dir='ltr'>poeniteret</span> <span class='ocrx_word' id='word_1_281' title='bbox 612 2881 715 2944; x_wconf 84' lang='lat' dir='ltr'>holpitio</span> <span class='ocrx_word' id='word_1_282' title='bbox 726 2883 794 2929; x_wconf 90' lang='lat' dir='ltr'>illum</span> <span class='ocrx_word' id='word_1_283' title='bbox 805 2881 922 2946; x_wconf 74' lang='lat' dir='ltr'>accepisse.</span> <span class='ocrx_word' id='word_1_284' title='bbox 956 2885 1011 2929; x_wconf 82' lang='lat' dir='ltr'>Haec</span> <span class='ocrx_word' id='word_1_285' title='bbox 1024 2896 1077 2930; x_wconf 86' lang='lat' dir='ltr'>non</span> <span class='ocrx_word' id='word_1_286' title='bbox 1090 2896 1140 2930; x_wconf 79' lang='lat' dir='ltr'>erar</span> 
     </span>
     <span class='ocr_line' id='line_1_37' title="bbox 344 2942 1140 3054; baseline 0.001 -64"><span class='ocrx_word' id='word_1_287' title='bbox 344 2956 427 3054; x_wconf 83' lang='lat' dir='ltr'>ptutus</span> <span class='ocrx_word' id='word_1_288' title='bbox 439 2958 452 3000; x_wconf 90' lang='lat'>,·</span> <span class='ocrx_word' id='word_1_289' title='bbox 465 2942 507 2993; x_wconf 88' lang='lat' dir='ltr'>nist</span> <span class='ocrx_word' id='word_1_290' title='bbox 529 2944 633 2994; x_wconf 87' lang='lat' dir='ltr'>viderem</span> <span class='ocrx_word' id='word_1_291' title='bbox 646 2945 719 2992; x_wconf 87' lang='lat' dir='ltr'>etiam</span> <span class='ocrx_word' id='word_1_292' title='bbox 736 2945 761 2992; x_wconf 91' lang='lat' dir='ltr'>in</span> <span class='ocrx_word' id='word_1_293' title='bbox 776 2944 882 2994; x_wconf 87' lang='lat' dir='ltr'>editione</span> <span class='ocrx_word' id='word_1_294' title='bbox 897 2945 1034 2994; x_wconf 70' lang='lat' dir='ltr'>victoriana</span> <span class='ocrx_word' id='word_1_295' title='bbox 1046 2945 1140 3010; x_wconf 77' lang='lat' dir='ltr'>peffimt</span> 
     </span>
     <span class='ocr_line' id='line_1_38' title="bbox 356 3008 917 3072; baseline 0 -20"><span class='ocrx_word' id='word_1_296' title='bbox 356 3019 425 3054; x_wconf 88' lang='lat' dir='ltr'>ocum</span> <span class='ocrx_word' id='word_1_297' title='bbox 437 3009 576 3072; x_wconf 80' lang='lat' dir='ltr'>interpungi.</span> <span class='ocrx_word' id='word_1_298' title='bbox 609 3008 687 3065; x_wconf 80' lang='lat' dir='ltr'>Bostus.</span> <span class='ocrx_word' id='word_1_299' title='bbox 907 3016 917 3027; x_wconf 50' lang='lat'>&#39;¹</span> 
     </span>
    </p>

    <p class='ocr_par' dir='ltr' id='par_1_7' title="bbox 346 3066 1140 3481">
     <span class='ocr_line' id='line_1_39' title="bbox 379 3066 1140 3134; baseline 0.005 -17"><span class='ocrx_word' id='word_1_300' title='bbox 379 3078 416 3117; x_wconf 80' lang='lat'>2⁶.</span> <span class='ocrx_word' id='word_1_301' title='bbox 434 3071 519 3132; x_wconf 79' lang='lat' dir='ltr'>Qippe</span> <span class='ocrx_word' id='word_1_302' title='bbox 529 3074 637 3117; x_wconf 75' lang='lat' dir='ltr'>hominum</span> <span class='ocrx_word' id='word_1_303' title='bbox 649 3077 768 3128; x_wconf 70' lang='lat' dir='ltr'>ccccm]</span> <span class='ocrx_word' id='word_1_304' title='bbox 782 3070 841 3134; x_wconf 78' lang='lat' dir='ltr'>Quis</span> <span class='ocrx_word' id='word_1_305' title='bbox 852 3084 902 3118; x_wconf 90' lang='lat' dir='ltr'>non</span> <span class='ocrx_word' id='word_1_306' title='bbox 913 3066 1004 3116; x_wconf 82' lang='lat' dir='ltr'>vidisset</span> <span class='ocrx_word' id='word_1_307' title='bbox 1019 3069 1087 3120; x_wconf 86' lang='lat' dir='ltr'>hune</span> <span class='ocrx_word' id='word_1_308' title='bbox 1097 3086 1140 3121; x_wconf 86' lang='lat' dir='ltr'>nut</span> 
     </span>
     <span class='ocr_line' id='line_1_40' title="bbox 346 3132 1140 3196; baseline 0.009 -19"><span class='ocrx_word' id='word_1_309' title='bbox 346 3133 535 3181; x_wconf 77' lang='lat' dir='ltr'>contaminatum</span> <span class='ocrx_word' id='word_1_310' title='bbox 546 3133 611 3182; x_wconf 76' lang='lat' dir='ltr'>ellel</span> <span class='ocrx_word' id='word_1_311' title='bbox 627 3148 677 3196; x_wconf 72' lang='lat' dir='ltr'>que</span> <span class='ocrx_word' id='word_1_312' title='bbox 688 3136 752 3181; x_wconf 92' lang='lat' dir='ltr'>enim</span> <span class='ocrx_word' id='word_1_313' title='bbox 762 3133 860 3182; x_wconf 82' lang='lat' dir='ltr'>stultitia</span> <span class='ocrx_word' id='word_1_314' title='bbox 870 3132 908 3180; x_wconf 79' lang='lat' dir='ltr'>est</span> <span class='ocrx_word' id='word_1_315' title='bbox 923 3132 1017 3180; x_wconf 88' lang='lat' dir='ltr'>credere</span> <span class='ocrx_word' id='word_1_316' title='bbox 1034 3135 1140 3185; x_wconf 67' lang='lat' dir='ltr'>extaret</span> 
     </span>
     <span class='ocr_line' id='line_1_41' title="bbox 348 3194 1140 3261; baseline 0.011 -22"><span class='ocrx_word' id='word_1_317' title='bbox 348 3203 402 3239; x_wconf 86' lang='lat' dir='ltr'>tum</span> <span class='ocrx_word' id='word_1_318' title='bbox 411 3196 552 3244; x_wconf 79' lang='lat' dir='ltr'>comitatum</span> <span class='ocrx_word' id='word_1_319' title='bbox 568 3195 643 3244; x_wconf 89' lang='lat' dir='ltr'>lecum</span> <span class='ocrx_word' id='word_1_320' title='bbox 655 3194 756 3246; x_wconf 79' lang='lat' dir='ltr'>duriffel</span> <span class='ocrx_word' id='word_1_321' title='bbox 772 3202 798 3243; x_wconf 88' lang='lat' dir='ltr'>In</span> <span class='ocrx_word' id='word_1_322' title='bbox 810 3196 970 3259; x_wconf 82' lang='lat' dir='ltr'>manuscriptis</span> <span class='ocrx_word' id='word_1_323' title='bbox 981 3199 1140 3261; x_wconf 83' lang='lat' dir='ltr'>exemplaribt</span> 
     </span>
     <span class='ocr_line' id='line_1_42' title="bbox 350 3257 1140 3322; baseline 0.001 -13"><span class='ocrx_word' id='word_1_324' title='bbox 350 3265 427 3309; x_wconf 57' lang='grc' dir='ltr'>Ἀθη,</span> <span class='ocrx_word' id='word_1_325' title='bbox 438 3257 467 3304; x_wconf 88' lang='lat' dir='ltr'>de</span> <span class='ocrx_word' id='word_1_326' title='bbox 481 3258 562 3320; x_wconf 82' lang='lat' dir='ltr'>quibus</span> <span class='ocrx_word' id='word_1_327' title='bbox 575 3257 630 3322; x_wconf 78' lang='lat' dir='ltr'>[cpe</span> <span class='ocrx_word' id='word_1_328' title='bbox 646 3262 693 3316; x_wconf 85' lang='lat' dir='ltr'>jam</span> <span class='ocrx_word' id='word_1_329' title='bbox 710 3260 832 3309; x_wconf 83' lang='lat' dir='ltr'>diximus:</span> <span class='ocrx_word' id='word_1_330' title='bbox 848 3257 982 3320; x_wconf 83' lang='lat' dir='ltr'>fignificant</span> <span class='ocrx_word' id='word_1_331' title='bbox 997 3272 1080 3309; x_wconf 79' lang='lat' dir='ltr'>autem</span> <span class='ocrx_word' id='word_1_332' title='bbox 1098 3262 1140 3311; x_wconf 85' lang='lat' dir='ltr'>lrot</span> 
     </span>
     <span class='ocr_line' id='line_1_43' title="bbox 350 3314 1135 3384; baseline 0.011 -21"><span class='ocrx_word' id='word_1_333' title='bbox 350 3314 399 3363; x_wconf 88' lang='lat' dir='ltr'>duo</span> <span class='ocrx_word' id='word_1_334' title='bbox 409 3319 554 3383; x_wconf 81' lang='lat' dir='ltr'>millia,quae</span> <span class='ocrx_word' id='word_1_335' title='bbox 566 3325 675 3372; x_wconf 84' lang='lat' dir='ltr'>Ciceroni</span> <span class='ocrx_word' id='word_1_336' title='bbox 687 3325 758 3371; x_wconf 87' lang='lat' dir='ltr'>nimis</span> <span class='ocrx_word' id='word_1_337' title='bbox 768 3336 857 3384; x_wconf 80' lang='lat' dir='ltr'>magna</span> <span class='ocrx_word' id='word_1_338' title='bbox 868 3321 996 3370; x_wconf 90' lang='lat' dir='ltr'>multitudo</span> <span class='ocrx_word' id='word_1_339' title='bbox 1005 3323 1135 3376; x_wconf 84' lang='lat' dir='ltr'>videbatur</span> 
     </span>
     <span class='ocr_line' id='line_1_44' title="bbox 351 3379 1017 3481; baseline 0.012 -51"><span class='ocrx_word' id='word_1_340' title='bbox 351 3379 419 3481; x_wconf 67' lang='lat' dir='ltr'>parur</span> <span class='ocrx_word' id='word_1_341' title='bbox 428 3384 507 3441; x_wconf 82' lang='lat' dir='ltr'>enim,</span> <span class='ocrx_word' id='word_1_342' title='bbox 518 3399 549 3434; x_wconf 89' lang='lat' dir='ltr'>ne</span> <span class='ocrx_word' id='word_1_343' title='bbox 559 3399 614 3436; x_wconf 82' lang='lat' dir='ltr'>eam</span> <span class='ocrx_word' id='word_1_344' title='bbox 622 3385 662 3437; x_wconf 77' lang='lat' dir='ltr'>sua</span> <span class='ocrx_word' id='word_1_345' title='bbox 671 3388 730 3438; x_wconf 83' lang='lat' dir='ltr'>villa</span> <span class='ocrx_word' id='word_1_346' title='bbox 739 3400 822 3452; x_wconf 76' lang='lat' dir='ltr'>cepere</span> <span class='ocrx_word' id='word_1_347' title='bbox 832 3384 916 3450; x_wconf 76' lang='lat' dir='ltr'>portet.</span> <span class='ocrx_word' id='word_1_348' title='bbox 937 3388 1017 3439; x_wconf 76' lang='lat' dir='ltr'>Vilior.</span> 
     </span>
    </p>
   </div>
   <div class='ocr_carea' id='block_1_6' title="bbox 0 0 1162 3900">
    <p class='ocr_par' dir='ltr' id='par_1_8' title="bbox 0 0 1162 3900">
     <span class='ocr_line' id='line_1_45' title="bbox 0 0 1162 3900; baseline 0 0"><span class='ocrx_word' id='word_1_349' title='bbox 0 0 1162 3900; x_wconf 95' lang='lat' dir='ltr'> </span> 
     </span>
    </p>
   </div>
  </div>
 </body>
</html>
