2296 3900
198 145 291 214 515444
384 94 904 200 ffLrnunssNonuo

197 229 300 289 :auum
315 247 351 290 ne
368 249 438 309 agas.
461 235 564 295 etiam
578 235 656 295 illum
677 235 791 313 ipsum,
810 250 898 312 quem
919 231 1092 314 sequimrrq3

199 305 296 365 multa
311 308 476 370 fefellerunt.
513 311 560 370 sed
574 331 628 390 ego
641 325 702 372 tuas
714 313 816 372 litteras
839 309 978 384 exspecto.
1018 310 1091 372 nihil

197 383 251 447 cst,
259 385 336 442 onim
346 385 424 460 jam,
445 400 476 446 ut
489 403 589 459 antee,
608 389 746 448 videamus
763 389 808 448 hoc
831 387 953 466 quorsum
973 389 1088 446 evadat.

200 471 366 519 ,extremum
381 465 433 522 fuit
448 465 483 524 de
498 485 553 525 con
572 463 640 525 reffu
660 466 778 527 nostro:
805 483 868 543 quo
887 465 1003 538 quidem
1027 481 1090 525 nou

106 564 110 571 ·
137 572 154 589 ··
171 542 184 585 ’-
198 536 306 599 dubito
321 541 395 614 quin
416 540 495 600 istum
561 543 694 603 enderim.
733 561 769 601 eo
791 537 921 601 maturius
942 540 1088 618 agendum

38 635 43 642 ·
100 621 125 671 r.
145 624 174 671 u.
192 681 195 689 ¹
210 613 255 673 est.
285 617 395 676 amabo
409 631 437 677 te
451 619 610 695 epistolam,
631 622 661 680 &
676 619 827 684 πολιτικήν.
846 618 925 678 valde
938 616 1000 679 tuas
1011 617 1088 678 litte·

211 709 252 752 ras
265 708 340 752 nunc
355 694 491 771 exspedio.

274 839 279 851 ’
462 853 829 902 urrsrounxrx.

335 1062 337 1069 s
422 990 603 1050 CICERO
631 991 826 1052 ATTICO
860 989 887 1050 S.
978 1051 981 1055 .

257 1141 311 1200 Go
333 1161 400 1204 meo
421 1138 574 1216 Ciceroni,
594 1147 727 1222 quoniam
750 1142 845 1204 Romi
866 1161 1010 1214 caremus3
1031 1145 1087 1205 Ar·
1115 1135 1118 1145 ’

267 1237 325 1294 prnr
339 1221 507 1298 potiiiimlrm
522 1233 617 1298 togam
632 1240 728 1299 puram
751 1221 836 1281 dedi:
856 1222 940 1299 idque
963 1223 1087 1281 munici-
1121 1224 1122 1229 ’

206 1295 284 1369 pibus
306 1298 400 1357 nostris
421 1300 473 1357 suit
502 1313 618 1373 gratum.
658 1299 706 1358 etfi
728 1316 851 1368 omnes,
902 1300 931 1358 δι’
960 1298 1024 1357 illos
1055 1301 1122 1379 &J

207 1370 263 1447 qui
276 1375 329 1432 iter
343 1375 414 1443 feci,
434 1375 547 1434 moestos
561 1376 733 1452 aillidlosque
754 1376 834 1435 vidi:
867 1385 925 1432 tam
946 1376 1027 1433 tristis
1055 1377 1085 1434 &

207 1458 265 1506 tam
280 1462 359 1509 atrox
373 1451 410 1510 est
425 1451 592 1521 ἀναθεώρησις
604 1454 685 1528 hujus
706 1453 823 1527 ingentis
844 1452 918 1510 mali.
958 1451 1083 1510 delectus

91 1562 134 1606 am
209 1525 379 1585 rhabentur:
401 1528 431 1586 in
444 1527 558 1588 hiberna
579 1530 761 1590 deducuntur.
799 1529 840 1586 Ea
857 1570 866 1598 ,
885 1545 974 1604 quae,
996 1530 1084 1586 etiam

59 1574 165 1674 labetur.
208 1599 273 1659 cum
288 1602 304 1662 i
319 1603 399 1663 bonis
412 1603 491 1673 viris,
512 1605 576 1664 clim
595 1606 669 1683 justo
690 1607 719 1663 in
740 1604 836 1674 bello,
857 1603 922 1662 cum
952 1603 1084 1664 modeste

207 1675 300 1750 fiunt,
319 1693 415 1739 tamen
432 1680 490 1754 ipsa
531 1701 560 1740 er
579 1683 606 1743 se
618 1682 742 1740 molesta
760 1682 822 1740 sunt
844 1723 851 1749 ,
872 1681 958 1756 quim
987 1680 1084 1742 censes
1118 1709 1120 1713 ·

60 1779 151 1892 elffi-
176 1845 182 1858 .
206 1755 476 1892 lagerbea‘rtillalrtltcisffee’
497 1776 567 1894 liumt
576 1757 740 1891 i>²pervd<itisa
756 1759 788 1892 itne
812 1757 1085 1893 civilitnefaricplpeml·

58 1856 80 1890 ci
583 1880 589 1892 .
1070 1867 1084 1881 ·

59 1857 159 1956 sss-us,
175 1851 291 1984 lnquapm
313 1853 460 1970 homilnlffi
482 1913 511 1969 in
521 1854 607 1971 ²1lntalia
628 1852 1082 1986 {prpemueffqr’ppuieshfncqabfit'

205 1985 263 2045 vidi
282 1986 337 2062 ipse
359 1989 475 2045 Formiis
494 1988 655 2048 universos:
676 1997 804 2063 9¹neque
828 1987 988 2045 mehercule
1019 2005 1086 2046 um-

204 2079 289 2137 quam
304 2065 432 2123 homines
446 2051 540 2138 putavi
546 2087 555 2132 ;
577 2067 606 2125 &
623 2064 721 2124 ndram
737 2082 851 2132 omnem
861 2065 907 2122 sed
920 2081 1082 2139 numquam

205 2155 264 2198 uno
278 2140 344 2198 loco
369 2141 503 2198 videram.
542 2143 689 2218 Pergamus
711 2142 814 2214 igitur,
840 2138 898 2217 qud
919 2140 1030 2215 placet,
1052 2142 1084 2200 &

203 2214 294 2276 nostra
308 2217 403 2276 omnia
417 2217 610 2296 relinquamus.
650 2215 853 2293 proficiscamur
873 2215 908 2276 ad
928 2234 1014 2288 eum,
1035 2217 1083 2276 cui

595 2324 599 2334 ,
1020 2309 1083 2372 gra-

171 2480 192 2524 ¹,
203 2458 318 2512 indicium
326 2461 360 2514 est
371 2462 436 2512 verni
444 2464 558 2529 temporis
570 2479 577 2511 t
593 2462 656 2512 unde
665 2463 789 2528 vulgatum
800 2462 846 2512 hoc
852 2460 1013 2574 1proverbium
1031 2460 1081 2519 prii

204 2527 300 2586 χιλιθῶν
309 2529 339 2576 a're
354 2530 394 2592 lag
405 2527 469 2576 nores.
488 2529 536 2576 haec
547 2540 626 2576 autem
636 2528 685 2576 avis
695 2527 765 2576 valde
776 2525 808 2575 est
820 2526 851 2574 ob
872 2538 965 2589 repetat
981 2522 1077 2574 ideonb

203 2585 309 2638 Hesiodo
320 2589 404 2648 dicitur
413 2591 515 2648 euriae,
530 2593 555 2640 δε
566 2589 595 2638 ab
607 2595 757 2639 Anacreonte
768 2592 825 2638 aeni
835 2591 861 2638 δι
872 2588 910 2636 hic
921 2587 1077 2649 inreptione,

201 2648 228 2701 id
238 2651 285 2709 est,
301 2651 415 2714 κράζκσὶι,
431 2651 486 2702 inde
495 2655 567 2703 etiarm
576 2652 742 2717 Aristophanes
754 2653 863 2702 homines
874 2648 955 2700 odiose
965 2650 1079 2713 garrulos

202 2727 274 2762 vocat
286 2719 402 2778 xratdsrur
413 2715 506 2774 perursit.
539 2722 593 2766 Hoc
607 2731 678 2780 porro
690 2716 801 2764 'rar'drrar
816 2714 952 2775 iitaaptfira
967 2720 998 2760 ex
1015 2727 1078 2777 quo·

203 2774 261 2825 darn
273 2762 364 2832 horico
375 2781 449 2842 posita
460 2780 550 2828 Atticus
560 2778 741 2843 deprompserat.
775 2792 833 2825 nam
845 2783 922 2849 Dorps
939 2774 1022 2823 dicunt
1035 2791 1078 2822 aa·

125 2848 128 2859 “
202 2839 322 2902 neptsru,
338 2855 382 2904 pro
394 2845 538 2902 nennius
561 2844 646 2890 Cicero
656 2857 713 2890 vero
725 2857 775 2888 nou
787 2838 877 2888 addidit
889 2838 977 2892 irride,
994 2837 1076 2886 uthaec

201 2915 238 2950 res
248 2903 325 2951 minus
335 2904 518 2976 intelligeretur,
532 2902 550 2952 ii
561 2906 625 2954 forte
635 2907 826 2967 interciperentur
837 2905 926 2951 litrerae.
948 2898 1075 2950 discessum

111 2975 121 2991 ⁴
202 2967 267 3014 enim
277 2964 342 3015 suum
353 2968 424 3015 celan
434 2967 537 3018 volebat.
571 2968 645 3028 lulius
662 2969 746 3017 Pollux
764 2969 796 3014 air
813 2964 962 3015 hirundinem
981 2964 1078 3028 proprie

203 3029 290 3088 priapi
306 3047 349 3085 ειν,
384 3029 431 3078 uod
443 3031 524 3079 audior
535 3031 651 3093 podmarii
662 3030 692 3079 de
699 3030 831 3078 Philomela
842 3030 1006 3090 interpretatur
1018 3031 1078 3074 reia·

197 3092 256 3152 βπ.
305 3105 344 3140 am
359 3045 501 3142 rsirundines
516 3092 613 3142 trinsare
628 3109 677 3142 non
691 3090 767 3141 solent
789 3092 858 3141 initio
873 3091 946 3144 veris,
963 3087 1002 3136 sed
1020 3096 1091 3138 vere'

202 3154 252 3214 iarn
265 3168 278 3200 rr
296 3155 361 3211 uiro,
377 3156 422 3204 hoc
433 3155 479 3212 est,
493 3155 647 3205 incalescente
657 3159 705 3218 jam
717 3157 779 3204 ae're.
793 3156 848 3202 ideo
859 3153 935 3202 scribit
947 3152 1077 3221 lhilemorr

202 3217 591 3280 Comicusiteirxtarsdrfflpm·
608 3217 628 3266 ci
640 3222 705 3280 privar
721 3220 790 3276 aspir.
824 3217 904 3265 Boius.
1090 3260 1095 3268 ,

233 3281 271 3334 '91.
290 3287 361 3341 Neque
373 3284 487 3327 mehercule
497 3285 589 3328 homines
598 3287 696 3343 paravi]
711 3278 856 3327 caesarianos
868 3294 919 3326 non
934 3278 1015 3336 putavi
1032 3277 1079 3326 ho·

203 3343 293 3397 mines,
308 3343 346 3390 sed
358 3343 432 3400 ferasr
449 3341 506 3391 sicut
520 3345 666 3408 Dyrrachina
682 3341 806 3391 obsidione
825 3343 950 3405 Pompeius
966 3340 1017 3387 viso
1035 3357 1080 3404 ge·

202 3420 258 3454 nere
269 3407 335 3470 pauis
347 3421 377 3454 ex
390 3406 480 3462 herba,
496 3421 545 3470 quo
562 3405 748 3465 sustinebantur,
764 3420 819 3456 cum
835 3405 891 3458 seris
907 3402 949 3454 ribi
964 3408 1017 3452 rer'n
1033 3401 1081 3454 effe

200 3456 276 3528 dixit,
291 3469 416 3520 suetonius
427 3469 501 3536 Julio.
534 3476 622 3536 Pepma.

82 3528 132 3656 Ἰχ
388 3570 391 3577 .
981 3545 1020 3586 92.
1039 3537 1077 3581 [rr-
