2296 3900
237 95 341 181 Μ
518 97 553 162 A
573 112 616 159 --r
641 111 680 167 ,τ
723 114 736 160 1
772 111 794 160 c
838 116 851 160 ι

238 180 452 286 intremulam
472 208 553 269 simiai
567 224 632 268 cum
647 208 743 268 ceteris
764 195 899 268 conferre
908 205 1049 270 ‘noluei'ar'
1062 213 1111 276 flor

157 312 196 329 -·=
239 286 313 344 renti
325 285 364 346 illi
377 287 446 362 parti
455 330 465 357 ‚
485 286 630 362 ²oabjesto
644 285 748 356 Bruto,
767 284 905 361 lotaque
920 284 1032 346 cedenti
1041 288 1109 354 H&

159 358 161 364 ⁴
193 364 197 417 ζ
237 362 355 429 ceritum
372 364 455 422 millia
469 365 579 423 muneri
594 358 689 421 misit:
730 361 877 422 eidemin
908 359 1002 436 Epiro
1026 364 1099 428 miens

87 800 164 859 ,rt‘p'u—

47 912 190 1025 ,pr

237 455 297 498 ccc.
314 440 389 515 jullit
403 440 482 499 dari:
511 457 613 516 ¹neque
634 454 671 497 eo
685 440 779 515 ,magis
798 437 1055 515 potenti'adulatts
1066 444 1095 504 m

237 514 368 575 Antonio
382 557 392 587 ‚
411 534 504 593 neque
517 516 671 592 desperatos
681 515 799 592 reliquit.

277 591 326 651 IX.
345 593 531 652 Securum
551 593 588 651 est
607 591 710 650 bellum
730 592 836 668 gestum
852 591 941 666 ,apud
956 592 1102 666 Mutinam,

236 668 267 727 in
279 669 372 745 quoti
385 669 492 730 tanturn
507 687 572 728 eum
588 668 752 744 prudentem
766 668 878 736 dicam
895 669 1012 739 minus,
1028 671 1105 746 quim

145 754 151 763 ‘
221 743 371 816 ¹debeam,
390 745 557 823 praedicem
578 745 642 804 cium
662 743 817 821 illepotius
838 744 959 804 divinus
977 747 1106 816 suerit3si

234 820 370 887 divinatio
384 822 542 898 appellanda
557 823 594 883 est
606 833 737 899 perpetua
751 821 881 881 naturalis
897 821 1029 893 bonitas,
1047 842 1104 902 que

231 898 313 957 nullis
326 898 429 958 casibus
442 892 572 976 ⁸a'ugerur
588 942 597 969 ‚
616 916 708 972 neque
723 899 865 958 minuitur.
906 899 1008 959 Hostis
1022 902 1106 962 Anto·

212 975 294 1033 'nius
311 975 418 1051 judicat
463 1006 473 1045 ‚-
507 974 583 1036 ltalii
611 973 729 1035 cesserat.
766 974 824 1050 spes
852 974 1020 1036 restituendi
1040 979 1103 1039 nula

83 1061 161 1120 emtus
181 1058 299 1110 ini-erat⁴
338 1071 397 1112 non
410 1053 498 1112 solum
512 1054 651 1123 tinimici,
670 1052 718 1129 qui
737 1064 833 1111 tamen
854 1065 940 1112 erant
960 1055 1103 1128 potentiss

81 1121 196 1197 masau.

80 1199 98 1234 V
113 1194 184 1234 amics

80 1246 191 1300 adratis.

233 1128 274 1185 mi
299 1128 330 1186 &
353 1131 480 1204 plurimi,
500 1128 642 1189 sedetiam
664 1128 733 1204 'qui
753 1125 921 1186 adversariis
934 1129 998 1205 ejus
1015 1130 1045 1188 se
1063 1131 1102 1191 <la-

233 1203 316 1284 bant,
336 1206 366 1264 ὃς
380 1208 409 1265 in
424 1224 459 1264 eo
473 1207 602 1265 laedendo
617 1205 736 1281 aliquam
751 1203 953 1281 consecuturos
966 1205 1102 1282 sperabant

229 1282 475 1352 commoditatem,
483 1294 512 1338 24
521 1283 664 1342 familiares
677 1279 888 1357 insequebantur
897 1322 907 1351 ,
915 1300 1039 1357 uxorem
1045 1284 1100 1343 Ful-

231 1357 305 1415 viam
329 1359 458 1419 omnibus
477 1360 556 1419 rebus
575 1358 688 1436 spoliare
709 1357 882 1432 cupiebant,
902 1357 1011 1419 liberos
1023 1362 1095 1421 enam

231 1433 402 1511 exstinguere
422 1437 559 1511 parabant.
596 1437 727 1500 Atticus,
744 1432 808 1492 cum
831 1433 985 1494 Ciceronis
1008 1437 1098 1496 intima

231 1509 414 1570 familiaritate
439 1523 584 1582 uteretur,
609 1509 785 1570 amiciffimus
811 1505 880 1569 cffet
908 1509 1026 1583 Bruto,
1043 1532 1097 1574 non

103 1586 120 1631 ·'
134 1584 153 1629 ·.‘·
192 1588 194 1593 ’
231 1586 321 1646 modo
335 1588 403 1646 nihil
416 1587 448 1645 iis
460 1588 569 1648 indulsit
583 1588 618 1647 ad
632 1589 790 1647 Antonium
810 1585 981 1646 uiolandum
996 1632 1006 1658 ,
1025 1588 1067 1649 sed
1085 1588 1100 1649 ὲ

118 1680 133 1731 ,’
150 1726 155 1743 ‚
202 1722 206 1736 ,
229 1664 370 1722 contrario
385 1664 529 1725 familiares
543 1666 600 1741 ejus
615 1707 624 1734 ,
642 1682 678 1733 ex
691 1663 758 1722 urbe
778 1663 973 1738 profugientes
988 1682 998 1734 ,¹
1016 1683 1100 1743 quan.

124 1929 179 1993 sag.

230 1749 292 1797 turn
304 1741 419 1814 potuit,
437 1743 506 1800 texit
519 1765 528 1810 ;
549 1742 645 1818 quibus
659 1741 736 1799 rebus
756 1738 938 1814 indiguerunt
971 1740 1076 1817 adjuvit
1090 1764 1098 1803 :

230 1813 262 1874 Ρ.
276 1815 345 1874 verb
359 1816 517 1877 Volumnio
531 1834 563 1878 ea
575 1819 667 1877 tribuit
683 1859 692 1887 ,
710 1830 741 1877 ut
761 1815 837 1891 plura
858 1812 876 1874 a
898 1828 1015 1892 parente
1034 1835 1100 1894 pro·

229 1889 311 1951 sicisci
326 1910 385 1952 non
398 1897 548 1970 potuerint.
584 1893 634 1970 ipsr
655 1907 749 1952 autem
769 1891 875 1951 Fttlviae
892 1936 902 1963 ‚
922 1908 992 1952 cum
1010 1893 1099 1956 litibus

85 1967 399 2068 qouqualistineretur
433 1973 592 2047 magnisque
612 1971 757 2028 terroribus
778 1983 944 2038 vexaretur,
965 1969 1042 2030 tanti
1060 1973 1098 2032 di·

210 2103 213 2108 .
230 2044 340 2121 lugentia
355 2046 480 2107 officium
494 2048 572 2107 suum
586 2045 802 2123 praellitit,25ut
817 2045 983 2105 nullumilla
995 2049 1096 2136 praesti·

439 2192 444 2201 Ι
1039 2137 1097 2185 tent

224 2238 352 2293 aequitem
365 2235 437 2291 salla,
454 2251 519 2301 neque
530 2239 582 2285 irem
594 2238 653 2286 ditia
661 2237 749 2299 semper.
781 2233 887 2299 Suspicor
900 2236 978 2287 etiam
991 2235 1095 2293 eiusdem

227 2296 274 2349 effe
284 2300 374 2363 generis
384 2298 442 2348 illud
454 2316 498 2363 pro
511 2304 630 2349 Muraena:
647 2302 690 2346 Sed
698 2316 726 2347 an
737 2317 761 2347 aa
770 2313 809 2359 ro,
824 2300 880 2346 dicis
889 2303 932 2362 qaae·
941 2297 1016 2360 caroffi?
1022 2301 1096 2347 or'ndi·

225 2367 332 2410 caveris?
348 2360 444 2422 Quoda
460 2361 624 2422 iureconsultis
635 2362 778 2412 obscuritatis
794 2359 875 2411 eausa
889 2359 1031 2427 usurpatum
1055 2363 1096 2413 Ci-

221 2424 409 2492 seroliguificat.
443 2430 469 2475 Ρ.
483 2428 569 2475 Manat.

249 2505 288 2543 aa.
305 2490 398 2549 ,Abjeslo
411 2494 496 2545 arara]
512 2487 616 2539 Fortunl
627 2484 721 2537 adversi
736 2485 860 2552 prostrato.
876 2492 975 2542 Person.
1011 2496 1038 2538 1a
1053 2492 1093 2537 loeo

214 2555 322 2614 peregrina
332 2552 429 2612 destituit
439 2554 550 2610 assertum.
575 2553 670 2615 Propius
681 2551 733 2600 val.
746 2551 867 2599 Maximus
876 2549 919 2603 lib.
930 2567 954 2602 v.
972 2566 1026 2616 cap.
1039 2568 1061 2610 1,
1071 2562 1092 2605 t.

218 2621 276 2662 Nam
290 2615 310 2672 fi
327 2618 429 2677 egregiam
444 2615 473 2675 est
493 2616 568 2676 hostem
582 2617 682 2670 abjicere,
698 2624 738 2662 roan
748 2620 907 2660 minostrorum
924 2617 1039 2664 sonamite
1059 2620 1093 2663 irt-

214 2676 289 2737 felicis
298 2678 355 2737 scire
369 2679 472 2739 misereri.
495 2678 615 2727 Gebhard.
648 2678 786 2734 straturus
801 2677 900 2725 homoin
912 2677 953 2727 lib.
968 2693 1007 2729 tv.
1027 2678 1091 2730 Cod.

219 2736 250 2789 cle
261 2739 326 2790 cust.
343 2755 403 2790 reor.
420 2742 445 2791 δι
462 2740 524 2804 apud
542 2745 683 2791 Ciceronem
697 2742 728 2811 ,in
747 2740 863 2788 Oratione
879 2753 966 2790 contra
981 2741 1092 2792 Rullum.

220 2807 330 2855 Gravius.
777 2852 779 2857 .

246 2883 284 2926 24.
301 2869 400 2915 Antonii
422 2867 548 2923 familiares
568 2867 714 2928 sequebantur.
728 2871 746 2930 ]¹
781 2866 945 2928 Ioseqmbmtoar
975 2868 1091 2920 Faernus

211 2930 285 2988 vostro.
320 2931 508 2984 commoditatem,
519 2930 646 2989 familiares
662 2930 838 2990 insequebantur]
854 2929 947 2979 Gifanii
962 2929 1039 2988 libet,
1055 2935 1091 2979 r'ro·

206 2993 359 3057 sequebantur,
375 2991 441 3055 quod
453 2991 537 3057 probat
549 2992 652 3042 Ursinus.
686 2989 800 3040 Ceterum
812 2989 876 3040 idern
891 2989 933 3041 ms
954 3007 1017 3058 pto,
1034 3010 1091 3040 cooa-

211 3058 354 3117 moditatem„
366 3055 454 3113 refert,
471 3059 687 3103 commandationem.-
705 3055 769 3119 vulg.
779 3055 971 3113 commoditatem,
988 3059 1091 3104 Antonii

209 3118 344 3178 familiares.
376 3123 444 3168 Grut.

245 3197 282 3235 25.
299 3188 332 3226 'lla
342 3184 426 3228 oollam
436 3184 479 3228 itta
490 3181 574 3240 stiterit
582 3183 739 3227 vadimonium.
748 3185 757 3238 ]
777 3179 854 3240 Sa'stere
869 3181 1027 3229 vadimonium
1037 3181 1068 3231 est
1078 3214 1087 3237 ,

213 3241 279 3308 quod
291 3241 352 3291 datis
362 3243 459 3292 vadibus
473 3241 631 3308 promiserat,
647 3241 670 3293 se
681 3245 706 3291 in
718 3243 803 3298 iudicio
818 3241 902 3291 fillere.
937 3249 970 3292 Et
986 3242 1021 3292 fic
1036 3246 1087 3291 lisa·

213 3323 261 3354 rara
272 3309 345 3355 vades.
378 3308 464 3369 Cicero
476 3322 519 3370 pro
530 3307 661 3370 Quinstio:
681 3309 741 3352 Verria
754 3312 847 3370 Romam
862 3307 1005 3364 anllius,
1019 3310 1090 3355 vedi-

212 3373 308 3418 moniom
319 3367 384 3427 fissit.
417 3374 448 3418 Et
463 3373 528 3419 Cato
544 3369 605 3432 apud
621 3369 741 3432 Agellium
761 3368 823 3418 libro
834 3382 867 3417 11.
889 3383 941 3432 cap.
960 3384 997 3428 ¹4·
1020 3373 1088 3435 Qos

206 3433 384 3494 fioadimooiom
394 3435 462 3497 capita
474 3434 572 3487 obvoluto
577 3432 672 3498 stotall'rr.
689 3431 871 3487 Lumb.Schott.
882 3435 961 3490 Savus.
977 3434 1088 3549 Geqbqas.

224 3537 229 3547 ,
803 3540 807 3547 .
992 3509 1008 3548 2
1027 3536 1035 3552 .
1066 3516 1087 3548 t«
