2296 3900
251 104 335 189 1628
401 106 1018 179 LruruUuneerttve

254 218 333 292 sum,
351 232 433 280 tueor
446 219 519 297 apud
531 220 593 279 hos.
612 230 642 261 ²⁰
651 230 742 277 cetera
755 218 838 305 Celer
856 218 922 295 ipse.
960 222 1025 298 fugi
1037 221 1110 289 adhtt
1123 274 1126 280 ,
1138 238 1142 294 ι

251 294 1110 449 lllulllt’stultitiis'llllll'tlzttlltl

250 451 281 508 vi
302 452 400 527 quaeris
416 471 424 508 r
445 469 480 510 ex
495 448 600 508 Isidoro
613 449 679 508 scire
691 448 808 527 poteris:
829 448 933 526 reliqua
949 468 1015 511 non
1028 454 1108 513 videt

229 530 233 537 '
251 535 298 584 tur
311 524 364 585 effe
378 526 538 585 difficiliora.
576 526 626 595 Tu
637 525 666 585 id
680 525 782 595 velim,
801 524 879 601 quod
897 525 949 585 scis
970 544 1023 586 me
1037 530 1109 589 mari·

250 600 299 660 me
313 604 408 674 velle,
428 621 529 671 cures,
549 614 580 661 ut
599 602 711 671 scribis,
730 614 761 660 ut
782 601 856 660 sucis.
893 611 926 651 ἃ
935 604 992 662 Me
1012 606 1111 665 conficit

157 694 160 701 ’
248 677 427 749 sollicitudo,
455 698 489 738 ex
510 697 564 755 qua
586 680 669 737 ctiam
689 679 796 737 summa
815 676 961 738 infirmitas
984 684 1108 759 corporitt

248 754 304 830 qui
316 754 421 822 levati,
442 774 490 814 ero
503 754 559 813 uni
574 771 639 812 cum
653 773 706 825 eo,
725 756 774 832 qui
788 755 935 829 negotium
948 759 1043 831 gerit,
1056 758 1108 819 tel·

146 871 153 886 .
250 849 305 908 que
323 833 352 890 in
366 831 411 906 spe
426 850 534 908 magna.
552 830 650 890 Brutus
663 833 768 899 amicus
781 831 811 889 in
824 829 902 890 causa
916 832 1044 895 versatur
1056 836 1108 895 ml

249 920 299 965 ter.
337 908 479 969 Hactenus
499 909 574 977 suit,
593 908 671 984 quud
692 906 772 967 caute
792 906 809 965 ὲ
830 925 877 965 me
903 905 988 967 scribi
1008 906 1108 987 'possm

102 1036 105 1043 .
144 1018 153 1049 ‚·
248 983 330 1056 Vale.
367 985 450 1043 ²³De
463 983 595 1061 pensione
610 984 709 1056 altera,
729 994 839 1053 orote,
858 985 942 1051 omui
960 996 1036 1046 'cura
1054 1004 1107 1047 cm·

1040 1062 1107 1125 uter

248 1186 349 1238 ubitam
359 1202 426 1240 eraut
436 1190 636 1255 castral’ompejh
649 1185 746 1247 laboro,
761 1201 792 1251 ue
803 1187 844 1251 qui
855 1186 970 1237 militum
985 1198 1027 1245 aut
1034 1186 1106 1239 dun

247 1264 317 1301 vexet
327 1267 366 1303 aut
377 1254 469 1318 diripiat
480 1270 515 1303 res
527 1254 683 1316 hominesque
697 1266 759 1302 tuos.
791 1252 815 1311 J.
823 1255 849 1300 F.
856 1255 960 1313 Gronov,

279 1331 318 1365 20.
336 1325 405 1365 Cetera
415 1319 470 1365 Celer
480 1318 528 1381 ipse.
545 1318 597 1380 fugi
605 1318 693 1374 adhuc]
706 1312 797 1364 Refert.
814 1316 870 1361 celer
880 1327 936 1362 tuus
948 1326 990 1376 ep.
1005 1328 1026 1363 1.
1041 1312 1105 1367 lim.
1129 1326 1132 1331 '

247 1377 274 1430 ἃ
284 1391 320 1442 ep.
331 1395 353 1435 7.
369 1379 409 1428 lib.
421 1395 469 1427 xrr.
492 1382 577 1429 carrad.
610 1378 766 1443 Pantagathus
781 1378 815 1425 ita
829 1378 892 1435 huuc
906 1376 998 1426 locum
1011 1376 1105 1443 legebar.

245 1440 271 1487 δι
282 1443 359 1490 multo
368 1442 442 1505 quim
452 1442 493 1493 alii
505 1443 606 1493 retiius:
623 1440 698 1505 posset
714 1443 786 1489 etiam
803 1440 838 1495 ita
852 1440 967 1503 corrigi,
989 1441 1026 1487 hic
1043 1452 1105 1489 tue

241 1502 396 1570 poffitmrueor.
413 1507 527 1566 apndhos,
539 1518 637 1554 ueterum.
652 1506 694 1613 ἱρέα
701 1504 758 1566 fugi.
781 1502 884 1563 UrsinuS,
918 1506 973 1553 Hic
989 1502 1104 1553 Celeriu-

241 1564 309 1615 rarus
321 1565 365 1617 fult
376 1566 471 1616 libertus
484 1568 569 1623 Attici,
585 1567 627 1630 qui
635 1567 659 1629 ip
668 1582 705 1616 rua
716 1566 812 1631 negotia
820 1566 845 1623 in¹
856 1567 955 1615 Graecia
970 1564 1104 1629 promuerit

243 1629 382 1679 nominatur
392 1631 509 1694 ep.lib.x.
526 1631 551 1679 &
563 1639 584 1678 8.
601 1627 698 1678 libum.
732 1636 820 1692 Popma.

276 1705 312 1739 21.
330 1694 434 1755 Qid‘ssr
444 1692 544 1755 gellam]
559 1690 655 1740 videtur
669 1692 808 1756 principium
823 1690 952 1763 5P5st0¹20
967 1694 1009 1744 vel
1019 1690 1103 1743 addite

243 1755 328 1802 carrad.
344 1757 441 1807 Fusium
452 1753 497 1804 esse
508 1755 619 1820 proelium
630 1754 660 1802 ad
672 1754 826 1817 Dyrrachium
838 1770 888 1817 quo
905 1754 1102 1871 Pompeium
1139 1787 1142 1797 ·

237 1814 288 1873 ¹,rior
299 1815 351 1868 suit.
383 1817 453 1867 Unde
467 1831 561 1868 tantum
575 1816 665 1871 fiducie
681 1832 707 1866 ac
723 1819 814 1881 spiritua
831 1821 890 1865 Pom
926 1819 1020 1876 janua

240 1873 341 1928 scribunt
352 1879 427 1930 Caesar
438 1883 464 1931 δι
479 1883 617 1944 Appianas,
633 1893 659 1933 ut
670 1896 721 1930 uon
736 1880 766 1931 de
780 1881 873 1928 tatione
907 1882 956 1931 elli
973 1884 1098 1948 cogitem,

240 1936 279 1986 sed
290 1941 366 1992 vicisse
377 1945 424 1999 iam
435 1943 477 1992 fibi
493 1943 632 1992 viderentur.
663 1944 740 1992 immo
752 1946 835 2001 Cicero
846 1958 967 2005 quoque,
983 1946 1027 2009 qui
1040 1942 1100 1995 iueri

241 1999 291 2051 siris
300 2020 363 2064 erat,
375 2006 398 2055 se
406 2007 530 2065 vistoriam
540 2004 636 2071 sperasse
647 2005 761 2063 ostendit,
778 2020 832 2053 cum
848 2007 951 2069 inquit,
969 2013 1098 2075 Reliquae

241 2067 345 2116 videntur
362 2071 398 2132 mse
417 2071 547 2132 drfficisrorm
581 2074 678 2133 Popma.

272 2146 310 2194 ιι,
326 2136 364 2185 Me
373 2133 455 2193 conficit
463 2134 578 2192 solitaria]
602 2133 721 2179 uolicirudo
732 2128 820 2179 habent
835 2127 931 2178 vetusta
946 2132 1096 2199 exemplatim
1137 2154 1142 2189 ι

237 2203 290 2252 quae
300 2206 355 2241 veta
374 2197 398 2243 δι
412 2197 514 2260 ingenua
529 2193 561 2242 esl
577 2193 614 2269 (ut
628 2194 725 2257 opinor)
741 2194 820 2242 lertio.
852 2192 930 2254 Quod
948 2194 1094 2251 autemuafi
1114 2249 1117 2257 ,
1137 2218 1142 2249 ι

238 2266 268 2299 ex
279 2268 382 2304 moerore
393 2257 415 2305 se
426 2259 451 2305 in
461 2256 572 2305 morbum
581 2255 697 2313 incidisse,
711 2270 736 2305 ut
747 2258 771 2304 in
781 2254 859 2303 castris
869 2252 920 2304 else
929 2271 986 2307 uon
1018 2260 1092 2315 merri.

238 2315 391 2373 ¹confirmatur
401 2318 426 2367 id
437 2319 451 2368 ὲ
462 2319 597 2374 Plutarcho,
613 2322 653 2381 qui
665 2321 690 2367 in
699 2318 768 2382 ipsrus
778 2319 826 2366 vita
837 2316 910 2365 docet
921 2319 998 2370 illum
1008 2339 1034 2371 m
1043 2322 1092 2373 litt·
1140 2350 1142 2367 ι

236 2374 307 2439 salica
317 2381 365 2434 acie
376 2393 471 2446 propter
480 2381 642 2430 infirmitatem
653 2383 756 2447 corporis
767 2396 817 2430 non
826 2379 910 2441 ¹fuisse:
933 2396 962 2431 ut
978 2384 1091 2435 existiman

273 2439 352 2491 ssimus
362 2443 422 2493 haue
432 2444 556 2507 epistolam
568 2459 617 2492 uon
630 2445 708 2503 multo
717 2457 771 2493 ante
783 2477 791 2499 ‚
807 2442 880 2507 qu‘am
896 2446 1013 2506 pralium
1022 2446 1090 2497 sall!

257 2517 279 2560 t,
295 2502 409 2571 scriptam.
441 2507 513 2571 Qrod
528 2520 607 2557 autem
617 2511 664 2557 cn.
684 2508 823 2571 Pompeium
837 2508 863 2554 iu
878 2520 977 2572 magna
994 2506 1091 2583 spesffi
1139 2536 1142 2567 2

238 2566 296 2615 dicit
311 2570 430 2633 potiundae
444 2571 565 2626 ιιίἑὶοιίκ,
583 2569 696 2618 traditum
712 2569 745 2618 est
763 2584 819 2618 eum
834 2584 863 2617 ex
879 2567 950 2619 feli'ei
971 2572 1019 2623 illa
1031 2584 1089 2637 μμ

238 2643 311 2693 quam
324 2631 393 2689 fecit,
408 2633 477 2693 valde
486 2633 529 2683 suis
538 2632 651 2683 militibus
666 2630 786 2681 confidere
798 2628 917 2696 coepilse,
932 2634 1089 2701 omneaqaeil·

237 2692 313 2741 larum
328 2697 427 2756 partium
441 2698 510 2746 duces
526 2712 576 2754 rem
590 2697 669 2760 pralio
684 2696 834 2744 committere
850 2694 1007 2759 properasse,
1021 2700 1089 2749 intre·

238 2766 290 2803 tam
301 2755 363 2818 spem
373 2773 503 2808 venerant:
519 2757 585 2820 quod
600 2761 672 2807 etiam
686 2759 758 2822 paulo
768 2757 833 2822 supri
848 2756 894 2806 hac
911 2760 937 2806 in
952 2760 1088 2825 epistolem
1112 2774 1115 2784 ·

237 2832 397 2883 ¹caroquoque
414 2820 436 2871 se
451 2820 549 2886 sperasse
564 2820 685 2875 ostendit,
705 2835 759 2869 eum
777 2821 854 2883 inquit
863 2852 871 2877 ‚
893 2822 999 2890 ltgliqm
1012 2824 1086 2873 mi·

237 2884 499 2947 deurnreffidrfficiliora.
533 2885 674 2933 Orationem
687 2898 765 2943 autem
780 2884 847 2931 aliter
861 2885 1020 2947 pupugimue.
1046 2898 1086 2935 m!
1110 2897 1117 2907 '

235 2956 292 2993 aare
303 2950 381 2993 Brutus
391 2951 489 3007 amicus,
504 2949 617 3013 punitum
628 2945 815 2995 constituendum
824 2944 959 2998 censemus.
995 2952 1004 2999 i
1075 2947 1080 2959 ¹

235 3021 315 3057 autem
335 3014 371 3060 M.
387 3016 502 3069 Brutum,
532 3024 604 3074 quem
625 3012 695 3068 enixe
719 3010 870 3073 Pompeianae
892 3023 977 3071 partes
1023 3014 1050 3025 ’“
1079 3040 1086 3067 .

234 3071 270 3182 {riu}
285 3071 460 3180 ΡΙιιιιὲιΙίωιιιιο
479 3075 560 3142 praelio
579 3087 662 3122 contra
683 3072 798 3122 cesarem
817 3070 933 3137 pugnasse
954 3074 1087 3127 noeffiu

270 3171 277 3183 .
329 3153 336 3180 ι
358 3154 387 3187 ιι.

267 3213 305 3250 23·
321 3202 356 3243 De
362 3201 453 3261 pentane
462 3203 549 3258 alteru]
569 3198 650 3248 Pensio
660 3195 723 3246 dotis
732 3198 806 3247 altera
823 3195 958 3250 debebatur
973 3200 1087 3253 normale

234 3258 289 3320 1521.
300 3260 423 3320 Quintilib.
435 3279 506 3327 quam
517 3263 576 3314 solvi
586 3264 687 3310 omnino
698 3263 805 3318 volebat,
821 3274 847 3310 ut
857 3261 952 3313 indicat
962 3258 1087 3330 episted
1140 3288 1142 3313 ι

235 3324 387 3371 Terentiam:
403 3341 454 3388 quae
469 3328 551 3391 scripta
565 3325 655 3374 videtur
671 3339 722 3372 non
737 3324 778 3374 diu
792 3323 843 3389 post
859 3324 945 3384 hanc,
962 3324 1088 3385 cnidiis-h·
1140 3316 1142 3365 Ῐ

236 3381 291 3432 teat
301 3387 389 3435 remitti
400 3389 519 3442 Pollucem
528 3388 620 3456 servum
629 3402 643 3439 a
653 3385 764 3451 pedibus,
780 3400 854 3464 quem
869 3388 968 3451 suetae
978 3384 1088 3451 utliffl
1140 3396 1142 3444 l

237 3446 300 3511 sicit·
332 3454 419 3517 3⁰sm⁴t
1136 3476 1142 3517 s

1031 3512 1089 3584 μῆ
