2296 3900
248 119 329 190 ¹722
370 102 563 176 Lauare
604 70 1050 163 Duonttetsttta¹

245 206 332 268 video
354 205 465 273 etiam,
492 200 622 278 aquibus
648 200 774 279 adjuvari
793 201 903 276 poffim.
940 200 994 261 sed
1012 199 1124 277 loquere

229 302 310 343 ·cum
327 280 393 340 Silio
408 281 487 341 nihil.
524 279 592 338 nihil
607 279 682 337 enim
698 279 738 337 est
751 279 858 339 melius.
891 277 1030 337 mandavi
1045 278 1123 337 etiam

242 362 323 420 Sicae.
351 357 508 434 rescripfit,
527 354 709 414 constitutum
723 354 751 414 se
765 373 832 415 cum
846 373 882 414 eo
896 354 1013 416 habere.
1031 352 1123 425 scriba

93 467 110 515 p
125 450 232 509 &cuitu
243 438 326 516 igitur
339 434 374 493 ad
387 453 453 515 me,
473 432 541 511 quid
556 433 659 509 egerit,
685 433 757 504 ηδε,
776 444 808 492 ut
822 444 855 492 tu
866 431 988 500 videbis.

92 515 217 641 salal..

1 657 4 664 ’
91 644 166 704 Grau.
178 644 234 709 conj.
482 640 504 685 E
519 638 564 686 ΡΙ
579 639 593 685 S
609 639 631 685 'l‘
648 639 671 685 O
686 639 708 685 1.
724 637 748 684 A
778 637 881 687 xxtv.

454 797 637 857 CICERO
666 795 863 858 ATTICO
897 793 926 856 S.

92 977 219 1031 onfillius
242 949 370 1061 BENE
398 951 467 1011 serit
493 951 555 1010 ⁰A.
576 932 678 1021 Silius,
705 952 753 1027 qui
779 951 949 1025 transegerit.
990 960 1115 1030 saneque

91 1045 236 1106 adamarit.
305 1031 382 1088 enim
396 1031 424 1088 ei
439 1025 528 1087 deelle
544 1029 691 1097 volebam,
712 1031 742 1086 &
765 1029 832 1105 quid
845 1023 956 1104 pollem
976 1028 1114 1087 timebam.

232 1102 326 1164 '45De
342 1107 434 1174 Ovia,
455 1105 581 1175 confice,
600 1117 632 1163 ut
649 1104 746 1164 scribis.
772 1105 832 1164 'De
848 1105 990 1164 Cicerone
1013 1116 1116 1181 tempu

241 1180 297 1241 effe
315 1184 375 1258 jam
390 1181 508 1241 videtur.
545 1182 592 1240 sed
605 1200 721 1258 quaero,
741 1181 819 1257 quod
841 1181 879 1248 illi
901 1198 975 1256 opus
996 1182 1051 1241 erit
1070 1184 1117 1241 At·

238 1260 334 1329 henis,
354 1261 541 1335 permutarine
555 1260 653 1333 pollit,
673 1277 708 1317 an
722 1256 771 1333 ipsi
785 1258 934 1317 ferendum
948 1257 983 1316 fit
996 1280 1008 1325 ;
1027 1258 1065 1317 de
1078 1271 1118 1319 tot

240 1349 325 1411 taque
349 1355 396 1405 re,
435 1335 678 1470 ‹puemadmodum
706 1337 736 1393 &
756 1333 869 1410 quando
889 1332 1017 1410 placeat,
1035 1335 1118 1397 velim

241 1411 405 1481 consideres.
469 1413 574 1486 ublilius
587 1415 708 1470 iturusne
724 1410 755 1469 lit
775 1413 805 1469 in
819 1412 967 1482 Africam,
987 1413 1020 1471 &
1033 1430 1118 1489 quana

242 1488 297 1558 du,
317 1489 389 1547 a⁶ex
403 1488 506 1548 Aledio
520 1488 585 1547 scire
600 1489 719 1564 poteris:
740 1506 847 1564 quaeras
863 1531 871 1558 ,
892 1490 923 1547 ὃ(
944 1488 980 1549 ad
996 1508 1047 1549 me
1060 1489 1119 1549 scri·

24 1632 30 1641 ,
239 1565 302 1636 bas,
324 1567 418 1624 veliin.
457 1566 511 1635 Et,
530 1579 561 1623 ut
581 1566 616 1623 ad
639 1583 715 1622 meas
736 1566 850 1640 ineptias
872 1565 1016 1635 redeam,
1037 1567 1117 1626 velim

33 1638 37 1663 ¹
93 1673 226 1746 t'l‘l‘·
243 1639 764 1778 tras‘'tlfflllnlslla
777 1642 1062 1779 lsenusllussulf
1080 1645 1120 1781 l}

94 1736 187 1788 atleta.
243 1813 298 1871 ego
313 1763 468 1855 meminisse
481 1795 597 1866 videor,
617 1738 736 1870 an’pgst.
755 1798 822 1866 item
837 1763 936 1872 q⁷uaero
948 1797 984 1856 de
1000 1764 1119 1873 Reg'dlo,

244 1872 346 1945 Lepidi
358 1872 433 1943 filio,
453 1872 564 1931 tesle'ne
577 1874 774 1942 meminerim,
795 1884 871 1948 patre
879 1875 949 1932 vivo
964 1886 1121 1945 mortuum,

95 1981 227 2046 qcuspia-
246 1948 394 2037 ‘tCispiana
422 1950 566 2038 explicabis
593 1952 717 2038 itemque
741 1950 888 2036 Braeciana.
927 1950 976 2022 De
999 1951 1121 2023 Attica,

95 2048 187 2103 malit.
247 2024 354 2105 optume
367 2039 399 2086 tt.
412 2045 438 2101 et
459 2027 573 2095 salutem
595 2027 669 2095 dices
688 2029 718 2086 &
731 2027 816 2097 Pthae,

1036 2108 1124 2165 ¹EPI·

242 2222 1122 2370 ..asseratarsatiusfarratam

241 2369 325 2435 presto
336 2341 387 2418 'esse
403 2382 428 2417 ut
444 2368 591 2418 advocatus:
609 2373 634 2419 ἃ
651 2383 733 2418 tamen
749 2369 844 2418 verebar
863 2385 894 2418 ne
910 2384 924 2416 a
941 2385 981 2419 me
991 2373 1121 2434 impetrate

241 2429 347 2495 possem,
362 2447 386 2481 ut
399 2431 482 2480 amissa
492 2431 619 2481 solitudine
629 2448 703 2496 quam
718 2433 822 2497 sequor,
839 2448 878 2481 me
893 2431 966 2482 turba:
976 2432 1080 2494 darem,
1093 2439 1121 2489 δι

237 2499 347 2545 Romam
358 2497 470 2546 venirem.
503 2496 665 2554 J.F.Gronov.

245 2554 248 2561 '
269 2577 308 2619 ⁴5·
323 2564 427 2607 Deovia
437 2559 532 2622 confice]
561 2559 625 2623 Qrid
634 2558 764 2626 significet,
781 2560 827 2609 hoc
837 2558 937 2625 quidem
949 2574 980 2610 ex
995 2563 1056 2612 loeo
1069 2576 1122 2623 non

237 2636 348 2687 apparet;
364 2622 417 2679 sed,
433 2638 458 2672 ut
470 2623 527 2687 saepe
537 2625 587 2682 jam
598 2623 663 2682 dixi,
678 2625 744 2673 locus
755 2623 836 2672 locum
852 2625 972 2681 illustrat,
990 2625 1061 2675 locos
1077 2640 1120 2675 au·

160 2700 163 2705 ·
236 2698 290 2743 rem
300 2685 364 2749 ipsos
373 2689 433 2735 inter
444 2685 467 2735 se
478 2686 604 2744 conserte,
621 2701 664 2744 ut,
679 2701 731 2750 quat
741 2684 828 2739 similia
837 2685 883 2736 sint
894 2722 902 2743 ,
918 2702 971 2750 quae
980 2702 1120 2763 repugnan-

240 2751 287 2805 tia,
302 2761 428 2805 notentut,
444 2766 495 2798 non
506 2749 582 2799 solum
595 2750 723 2815 diligentia
734 2749 781 2806 est,
796 2749 918 2799 sedetiam
930 2750 1019 2809 judicit.
1051 2753 1118 2802 leve·

240 2826 294 2860 mus
311 2814 398 2876 igitur,
416 2816 532 2871 quoniam
546 2816 644 2877 quidem
660 2815 707 2863 hoc
724 2811 881 2876 suscepimus,
898 2827 1050 2880 quamquam
1067 2815 1117 2865 sot·

241 2874 299 2926 tass‘e
319 2877 372 2941 plus
393 2875 531 2941 suscepimus
552 2892 627 2941 quam
650 2876 759 2926 sustinere
775 2877 910 2940 possimus,
933 2876 973 2927 sed
998 2880 1116 2935 levemus,

240 2952 357 3002 quantum
368 2940 393 2987 in
403 2939 472 2989 nobis
483 2939 531 2998 est,
547 2940 628 2990 labore
642 2955 684 2990 eos
702 2943 728 2989 ἃ
745 2940 878 3004 quarendi,
894 2943 919 2990 δι
931 2940 1114 2999 confidetandi,

240 3004 282 3065 qui
293 3002 358 3051 suum
369 3002 471 3053 studium
488 3003 517 3052 ad
534 3003 576 3052 has
593 3004 717 3053 Ciceronis
732 3004 843 3067 epistolas
857 3005 1016 3056 contulerint.
1045 3009 1114 3069 Supra

239 3066 331 3129 igitur,
348 3082 384 3130 ep.
398 3084 435 3117 21.
452 3068 482 3116 de
499 3069 561 3117 Ovia
577 3067 613 3115 ltis
629 3066 723 3116 verbis:
747 3071 808 3116 onia
825 3076 846 3118 c.
866 3070 938 3114 Lollii
953 3070 1051 3115 curanda
1066 3069 1114 3130 satas

239 3133 300 3178 H-S.
317 3138 337 3178 c.
351 3132 431 3193 itaque
444 3131 553 3188 verbum,
571 3131 660 3191 eunde,
674 3128 706 3178 fic
716 3133 834 3195 explano,
850 3145 904 3179 cura
914 3131 936 3178 ei
948 3136 1008 3182 lis.
1021 3136 1051 3180 C.
1065 3146 1114 3195 qux

240 3190 319 3241 deberi
331 3208 345 3240 a
355 3209 394 3242 me
405 3195 454 3244 scis.
488 3195 572 3244 eadem
587 3195 618 3243 de
633 3210 657 3242 re
673 3192 735 3242 insta
750 3210 788 3260 ep.
800 3212 838 3250 29.
859 3202 911 3244 cum
929 3198 1010 3252 onia,
1026 3196 1116 3260 inquit,

238 3257 304 3319 quasa
314 3258 400 3317 quidem
411 3273 435 3304 ut
445 3261 575 3319 conficiatur.
610 3263 632 3306 P.
641 3262 736 3309 Manat.

272 3325 309 3375 4⁶·
325 3324 360 3365 Ex
373 3324 480 3378 media]
509 3321 587 3371 Atedii
604 3322 718 3368 Pollionis
736 3321 846 3371 meminit
859 3324 938 3369 senec.
951 3321 993 3371 lib.
1002 3337 1048 3369 111.
1064 3334 1115 3384 cap.

240 3388 281 3439 qa.
296 3378 386 3494 {eilrat
405 3385 521 3495 {mm
532 3385 654 3436 rollionis.
671 3383 712 3447 lib.
725 3401 759 3441 tv.
778 3385 912 3451 Declamat.
929 3385 961 3437 al.
978 3385 1068 3434 u{ledia
1078 3399 1116 3448 ep.

240 3459 279 3495 ιο.
313 3451 413 3495 ..Cart
442 3482 450 3499 .

936 3509 940 3515 ¹
993 3526 1035 3575 47.
1052 3512 1121 3561 ,Λωὲ
