2296 3900
240 119 322 191 2016
350 146 373 159 ··
431 113 574 179 Linus
613 112 996 183 sensusnecrsaus

234 238 284 287 me
297 228 383 289 velim
397 222 503 288 scribas.
541 222 592 287 erit
607 239 701 287 autem
715 220 844 305 quotidie
862 229 909 287 cui
928 226 989 291 des.
1031 228 1116 308 Quod

233 317 368 379 praeterea
382 305 515 373 consulis,
534 304 601 381 quid
616 306 663 363 tibi
684 304 812 363 censeam
834 304 1031 376 faciundum,
1052 310 1130 371 din·

233 382 286 441 cile
302 384 356 454 est,
376 382 442 440 clun
455 380 549 439 absim.
588 392 800 451 verumtamen,
820 379 936 457 sipares
946 384 1037 459 aeque
1051 387 1114 447 inter
1141 441 1143 452 .

233 457 278 527 se,
298 459 503 537 quiescendum.
542 456 605 525 srn;
626 458 703 517 latius
728 456 853 517 manabit
866 458 930 529 ‚'&
949 461 1074 547 quidem
1085 466 1113 524 ad

234 552 306 605 nos,
326 535 432 609 deinde¹
451 535 649 594 communiter.
686 534 769 607 avide
788 546 873 593 tuum
897 536 1054 597 consilium
1075 558 1114 599 er·
1140 553 1143 598 l

233 611 338 687 speslo.
358 614 465 681 timeo,
485 630 521 669 ne
535 610 619 669 absim
628 653 638 682 ,
658 610 722 679 clim
735 608 826 669 adcffe
840 628 890 669 nre
912 610 946 670 fit
959 613 1111 677 honestius:

235 693 331 750 venire
351 708 411 749 non
439 688 538 746 audeo.
565 688 611 745 De
632 688 750 747 Antonii
764 688 910 747 itineribus
931 690 1035 751 nescio
1055 696 1112 770 quid

234 766 312 826 aliter
327 767 429 837 audio,
449 778 532 841 atque
546 765 581 824 ad
595 777 623 823 te
636 764 793 823 scribebam.
820 765 922 823 omnia
934 766 1027 841 igitur
1038 772 1111 831 veliin

235 844 356 919 explices
382 845 412 901 δι
432 840 469 900 ad
482 859 528 899 me
549 854 623 901 certa
637 843 736 900 mittas.
775 841 823 899 De
842 841 961 917 reliquo
985 845 1055 921 quid
1072 849 1110 908 tibi

234 936 289 995 ego
303 919 394 978 dicam
411 917 422 975 ἓ
442 917 525 976 ardeo
546 918 634 976 studio
655 917 783 976 historiae.
821 917 1032 980 incredibiliter
1045 926 1107 983 enirn

233 1014 283 1054 ine
297 1008 464 1054 commovet
476 1008 524 1052 tua
538 995 703 1053 cohortatio
742 1012 808 1071 quae
821 995 948 1071 quidem
970 1015 1028 1057 nee
1049 1001 1107 1061 insli-

234 1073 293 1141 tui,
313 1089 366 1130 nec
387 1071 460 1131 effici
480 1071 568 1145 potest
588 1069 645 1129 fine
664 1082 713 1129 tua
733 1088 798 1146 ope.
838 1088 946 1131 coram
961 1073 1047 1149 igitur
1062 1077 1106 1137 boc

231 1149 347 1225 quidem
361 1148 548 1207 conferemus.
587 1148 619 1205 ln
634 1147 774 1221 praesentia
796 1147 870 1206 mihi
891 1149 988 1208 velim
1009 1153 1104 1224 scribas,

234 1227 365 1303 ¹4quibus
386 1224 540 1282 censoribus
562 1223 595 1282 C.
618 1224 752 1292 Fannius,
769 1226 811 1281 M.
832 1223 865 1283 F.
880 1226 1015 1286 tribunus
1034 1230 1104 1303 plebis

230 1302 322 1360 suerit.
342 1300 441 1359 videor
454 1300 521 1358 mihi
535 1297 635 1359 audisse
651 1342 660 1369 ,
679 1300 708 1358 P.
723 1299 862 1359 Africano
879 1343 890 1371 ,
914 1303 956 1363 1..
964 1304 1102 1366 Mummio.

230 1378 260 1437 id
273 1380 355 1452 igitur
368 1394 474 1453 quaero.
512 1389 542 1435 tu
557 1377 626 1435 mihi
638 1374 673 1433 de
687 1377 718 1437 iis
732 1376 810 1435 rebus
825 1419 835 1447 ,
856 1394 930 1456 quae
954 1394 1102 1455 notantur,

232 1456 331 1513 omnia
346 1466 419 1513 certa
434 1495 443 1525 ‚
463 1455 542 1514 clara.
557 1472 605 1513 111.
619 1452 656 1513 id.
670 1471 709 1513 ex·
720 1452 859 1530 Arpinati.

475 1686 739 1737 nemon
773 1688 852 1739 nv.

366 1852 606 1914 CICERO
644 1850 911 1915 ATTICO
955 1854 986 1921 S.

234 2035 382 2143 Nlrrrr.
403 2034 576 2112 corpure,
595 2035 675 2170 &uod
693 2034 849 2095 scriberem.
879 2056 954 2099 nam
978 2038 1045 2101 clun
1062 2040 1100 2099 Pu

308 2114 387 2172 teolis
400 2111 502 2180 essem,
522 2113 601 2189 quoti
621 2112 647 2170 ie
666 2111 770 2189 aliquid
790 2114 860 2172 novi
876 2114 917 2175 de
932 2116 1098 2185 ossariam,

230 2189 318 2247 multa
339 2191 422 2247 etiarn
445 2188 507 2247 falsa
533 2188 568 2247 de
598 2189 735 2265 Antonio.
775 2189 810 2248 ad
839 2207 874 2249 ea
898 2208 1030 2264 autem,
1070 2210 1100 2251 ue

227 2259 347 2338 scripsisti
368 2265 431 2339 (tres
452 2265 528 2323 enim
550 2282 711 2341 acceperam
735 2283 783 2324 111.
797 2258 859 2325 idus
882 2264 900 2325 *a
923 2282 956 2329 te
981 2212 1099 2347 epiddrs)

230 2334 311 2401 valde
323 2341 373 2399 tibi
385 2338 530 2410 assentior,
549 2339 570 2399 sr
584 2342 703 2400 multum
717 2340 798 2416 poffit
812 2342 1022 2417 Osiavianus,
1047 2346 1100 2405 nul

228 2426 260 2473 to
273 2415 376 2476 sirmiirs
388 2416 448 2475 asia
461 2419 572 2493 tyranni
587 2418 802 2492 comprobatum
825 2419 866 2495 iri¹
880 2420 979 2497 quarn
1004 2426 1035 2484 in
1050 2422 1100 2483 Tel

226 2490 312 2552 luris:
333 2507 415 2571 atque
429 2494 458 2553 id
480 2508 576 2552 contra
597 2495 712 2553 Brutum
728 2496 813 2561 fore:
840 2493 883 2555 fin
912 2512 1020 2559 autem
1035 2500 1101 2559 vind

227 2579 288 2637 tur,
308 2570 384 2630 vides
398 2570 598 2629 intolerabilem
620 2572 804 2630 Antonium:
823 2584 884 2643 ut,
905 2592 1005 2651 quern
1028 2578 1101 2643 uelis,

130 2685 138 2702 .
178 2687 186 2705 .
229 2645 339 2707 nescias.
379 2648 407 2704 Ο
424 2646 500 2705 Sestii
514 2646 701 2716 tabellarium,
721 2646 872 2705 hominem
895 2658 1048 2730 nequaml
1066 2670 1104 2729 po

230 2720 320 2781 stridie
335 2724 456 2783 Puteolis
470 2724 574 2780 Romae
587 2724 614 2780 se
629 2724 698 2782 dixit
714 2724 784 2782 fore.
823 2723 920 2799 Qubd
940 2746 996 2788 me
1011 2746 1104 2797 mones,

229 2811 269 2887 ut<
280 2799 474 2874 pedetentim,
497 2797 647 2859 assentior:
676 2798 725 2858 etsi
746 2800 824 2858 aliter
844 2804 1030 2881 cogitabam.
1064 2820 1104 2867 net

1067 2898 1102 2943 slis

263 3043 300 3088 14.
318 3030 404 3093 Qibur
415 3035 480 3081 censs.
495 3036 515 3078 C.
528 3032 644 3089 Fannius]
656 3031 732 3081 Resle
742 3030 802 3081 mihi
812 3026 961 3093 Corradus,
978 3038 1030 3089 sive
1038 3038 1104 3089 illeu

228 3090 343 3141 manuscri
361 3097 391 3141 tis
402 3090 479 3150 libris,
495 3092 542 3142 sive
557 3108 587 3141 ex
598 3092 709 3149 historia,
725 3096 847 3155 censoribus
858 3100 1009 3151 emendasse
1020 3100 1103 3153 vidua.

229 3152 297 3225 siam
313 3110 437 3205 Afficanus
453 3158 478 3205 iu
497 3154 539 3206 suo
552 3158 632 3221 primo
650 3158 772 3209 consulatu
787 3158 915 3225 collegam
933 3163 1024 3215 habuit
1038 3162 1104 3215 Gli·

226 3224 294 3265 vrum
304 3218 412 3268 Drusum.
430 3233 468 3268 an.
484 3218 513 3269 ab
523 3224 552 3269 U.
566 3227 594 3271 C.
614 3236 693 3271 ocur.
710 3223 734 3270 in
749 3219 855 3271 secundo
872 3228 905 3273 c.
918 3226 1039 3279 Fulvium
1053 3226 1104 3277 siaa

226 3286 295 3334 cum,
311 3294 376 3330 anno
389 3296 493 3332 ocxrx.
510 3282 692 3353 Censortamen
708 3283 754 3334 suit
769 3299 825 3333 cum
843 3288 872 3336 L.
885 3292 1024 3341 Mummio
1034 3288 1104 3341 Aeli*

228 3348 277 3395 co,
293 3354 358 3391 anno
371 3360 452 3394 ocxr.
483 3348 527 3395 Sed
539 3349 564 3394 δι
576 3347 706 3409 persimiles
716 3350 777 3395 inter
787 3344 810 3397 se
822 3362 921 3409 voces,
939 3348 993 3403 five
1008 3355 1045 3404 int
1096 3384 1103 3403 .

227 3400 276 3450 five
287 3401 411 3456 decurtata:
418 3440 426 3463 ,
441 3404 562 3481 supinis&
579 3411 693 3481 imperitis
706 3408 807 3459 librariis
821 3410 959 3478 imponere
975 3416 1035 3467 sane
1045 3366 1102 3468 ᾗ

229 3476 372 3531 potuemus,
388 3468 454 3535 quod
463 3487 490 3523 m
502 3471 539 3525 his
548 3469 614 3525 libus
625 3470 856 3533 alienissimum·
871 3478 981 3547 Masp-
1081 3540 1104 3591 st
