2296 3900
175 140 182 179 ·.
239 109 721 178 bruxantinus.
854 126 935 193 ²03¹

40 229 132 291 ‚litari
143 223 267 287 molestia
281 242 342 289 non
354 234 476 299 oportet.
512 221 570 281 cEt
583 224 719 357 <pomam
734 238 767 279 ea
782 220 956 281 molesiisli-e
971 233 1064 292 nense

47 304 110 365 -md
124 305 193 375 serre
208 304 339 361 homines
352 299 548 377 debent,quae
562 300 590 375 ip
601 316 683 356 orum
698 298 778 372 culpa
791 298 932 357 contrade
940 298 1073 408 affetu&

53 381 140 451 sunt,
157 380 195 439 esi
208 377 364 455 &quiddam
378 378 408 435 in
422 377 475 435 hac
498 394 527 436 re
542 376 613 435 milri
626 372 765 433 molestiiu
786 374 933 433 serendum
941 420 958 468 d
972 419 1073 486 quidem

50 457 148 535 quam
160 457 220 516 tibi.
245 454 350 513 laetum
365 452 405 511 est
420 453 498 514 enim
512 470 575 511 mea
588 452 668 527 culpa
683 493 691 519 .
710 448 829 519 contri,
847 451 933 528 quim
941 484 975 533 ed
986 500 1033 535 ve.

52 546 92 595 tu
118 550 233 593 mecum
254 527 478 606 &proficiscens
510 532 541 589 δι
560 546 610 604 per
630 528 731 587 litteras
754 544 871 601 egeras,
903 540 934 587 ut

55 612 153 689 priore
167 628 244 669 anno
258 627 318 667 non
331 605 532 666 succederetur.
567 604 656 681 Quod
671 622 745 679 ego,
764 604 833 665 dum
846 604 938 664 socio·

55 704 126 747 rum
147 687 226 746 saluti
244 682 377 751 consulo,
396 682 464 741 dum
484 681 709 757 e'impudentiae
736 680 960 743 nonnullorume
973 681 1078 749 impiae.

10 796 12 805 ·
56 765 273 840 negotiatorum
286 758 394 835 refislo,
414 759 482 819 dum
502 758 623 819 nosham
644 757 760 834 gloriam
775 770 822 815 tua
835 759 938 817 virtue
945 748 1009 797 ΛΜ·

10 844 16 869 ²
54 841 160 916 augeri
174 849 293 912 expeto,
313 836 368 896 feci
388 854 449 913 non
468 835 625 912 sapienter:
653 833 803 911 praesertim
825 833 889 893 cum
908 835 939 895 id

10 909 24 999 ζ
57 914 273 983 commiserim,
292 926 324 971 ut
343 912 389 971 ille
408 911 477 973 alter
499 930 586 971 annus
605 913 691 970 etiam
710 912 824 969 tertium
850 909 940 986 pollet

10 1038 25 1063 ,
61 992 213 1051 adducere.
249 989 339 1066 Quod
352 989 487 1065 quoniam
501 1001 647 1063 peccatum
662 1006 761 1047 meum
781 986 940 1047 eseconi-

10 1102 25 1131 ι
61 1081 153 1137 teor,
188 1066 227 1127 esi
245 1067 384 1143 sapientiae
404 1078 487 1142 atque
510 1066 687 1125 humanitatis
706 1078 764 1123 tuae
790 1081 885 1123 curare
907 1067 940 1124 dr

64 1144 216 1223 perficere,
235 1156 267 1203 ut
280 1146 336 1203 hoc
345 1185 354 1213 ,
363 1141 455 1219 minin
467 1141 600 1217 sapienter
613 1140 630 1200 d
645 1160 692 1201 me
700 1140 859 1216 provisum,
877 1142 940 1201 dili·

62 1222 160 1298 gentil
170 1220 217 1281 tud
237 1222 395 1296 corrigatur.
431 1216 495 1277 frte
515 1219 536 1277 li
557 1230 585 1276 te
612 1218 669 1293 ipse
689 1218 882 1277 vehementius
901 1218 937 1279 ad

63 1317 166 1359 omnes
181 1309 269 1374 partes
282 1298 354 1356 bene
367 1295 498 1355 audiendi
510 1296 633 1354 excitaris
640 1317 650 1362 ;
670 1312 729 1353 non
744 1307 775 1353 ut
789 1312 854 1353 cum
869 1244 962 1367 allel
970 1304 1076 1357 ΛΜΗ.

64 1374 113 1435 sed
126 1389 158 1435 ut
170 1388 265 1434 tecum
277 1375 337 1450 jam
348 1371 403 1447 ipse
417 1384 525 1439 certes3
547 1370 691 1430 sromnem
704 1383 784 1429 tuam
799 1382 938 1443 mentem,

65 1468 179 1520 curam,
197 1451 416 1525 cogitationem,
437 1459 449 1503 ι
463 1448 500 1507 ad
512 1448 694 1507 excellentem
709 1448 839 1507 omnibus
851 1449 882 1507 in
896 1467 941 1508 re·

65 1527 115 1587 bus
128 1528 213 1587 laudis
228 1526 409 1601 cupiditatem
423 1526 558 1584 incitaris:
578 1525 648 1583 mihi
661 1522 840 1591 credemus
851 1542 939 1585 annuc

10 1638 33 1677 2
67 1604 174 1663 additur
187 1603 274 1662 labori
286 1614 356 1672 tuo,
376 1602 529 1659 multorum
543 1618 680 1671 annorum
701 1600 827 1659 laetitiam
842 1604 938 1673 nobis,

10 1698 36 1755 3·
67 1681 185 1753 gloriam
199 1678 290 1735 ivero
304 1680 389 1738 eriam
403 1676 514 1752 posteris
524 1678 622 1737 nostris
636 1675 742 1736 afferet.
761 1680 964 1755 Quaproptere
977 1694 1036 1730 vero

10 1790 36 1832 Ε
67 1758 126 1815 hoc
146 1768 176 1814 te
192 1756 318 1831 primum
340 1772 442 1830 rogo,
480 1765 539 1813 ene
565 1753 709 1813 contrahas
734 1768 783 1812 aut
810 1745 1073 1815 demttnslestml·

10 1868 35 1907 n·
68 1892 73 1899 ⁵
880 1822 992 1893 2m‘w·

10 1930 43 1985 Ἰ.

10 2002 33 2059 rl
102 2027 124 2061 2.
143 2010 624 2073 rmpmemranmnnllmmgornromm.)
652 2006 941 2065 Posteriusl'aeonium&

10 2092 25 2135 z
67 2074 128 2125 item
139 2072 281 2123 Tuscenium
291 2072 412 2138 quendam
422 2074 549 2129 nominat,
564 2075 681 2136 qui,cum
691 2074 794 2123 acerbius
807 2088 821 2121 a
836 2077 943 2137 Qrintio

10 2168 22 2197 g
67 2137 164 2191 eruciari
178 2135 254 2187 essent
269 2169 278 2193 ‚
299 2152 350 2187 non
365 2149 460 2195 rantum
474 2137 500 2193 in
517 2137 639 2199 provincia
657 2134 832 2187 contumeliose
847 2140 878 2187 de
890 2138 944 2203 inm

10 2198 22 2259 ζ
67 2198 147 2249 locuti
157 2212 242 2248 erantr
267 2214 349 2249 verum
364 2201 439 2249 eriam
453 2202 563 2249 Romam
579 2198 611 2247 ad
625 2198 732 2249 senatum
747 2199 855 2265 questum
872 2216 944 2251 reae-

10 2270 16 2327 j
69 2273 134 2310 rant.
166 2262 246 2311 Cumi
265 2264 311 2313 itur
321 2266 417 2313 Marcus
428 2260 629 2313 animadvertifl'er
640 2260 730 2326 aliquid
745 2278 776 2311 er
791 2277 821 2312 ea
830 2279 855 2313 re
864 2264 945 2315 oslen-

10 2338 13 2360 =
69 2322 146 2372 saonis
156 2337 239 2373 contra
279 2342 304 2375 m
316 2324 380 2383 elle,
398 2340 496 2392 operam
507 2322 617 2384 dederat,
630 2336 656 2375 ut
665 2328 744 2391 primo
755 2340 820 2375 anno
831 2328 891 2375 alter
900 2330 944 2378 ad-

69 2385 181 2435 deretur:
197 2400 247 2450 quo
263 2386 337 2452 pollet
350 2390 467 2453 ernliur
482 2402 557 2438 conoe
584 2404 624 2438 nm
636 2392 672 2438 'ea
688 2404 717 2439 en
731 2389 806 2439 nimia
822 2386 945 2441 severiore

68 2451 192 2503 maculam
201 2451 291 2509 eluere,
307 2454 333 2501 dr
343 2452 533 2513 iucundiffimam
569 2453 576 2503 i
587 2454 692 2503 nominis
702 2455 845 2503 memoriam
857 2455 946 2517 inproa

67 2512 151 2563 vincia
163 2512 304 2576 relinquere.
335 2519 415 2581 Atque
430 2515 478 2565 hoe
496 2514 558 2564 illud
575 2514 629 2574 est,
651 2516 717 2579 quod
734 2517 794 2565 eirca
810 2529 945 2565 extrernurn

70 2573 151 2626 scribit
162 2591 170 2623 r
200 2578 245 2623 Sed
259 2580 361 2641 qnoniam
370 2582 456 2641 primur
465 2595 534 2625 ennea
544 2580 619 2627 babuit
628 2580 654 2626 de
663 2582 702 2627 hec
711 2580 861 2641 repredcnfione
871 2581 947 2643 pleri·

67 2639 255 2699 mumsermmia,
265 2639 451 2701 seen-durantem
461 2644 624 2699 melrelevior,
638 2644 683 2695 σε.
717 2646 850 2691 Hotoman.
998 2700 1001 2705 Ι

106 2718 127 2756 3.
147 2704 192 2748 ..ll
202 2704 333 2749 excellentem
344 2706 367 2750 in
377 2706 472 2751 erunibus
486 2704 546 2752 relus
555 2706 629 2752 laedis
637 2706 796 2768 cupiditatem]
816 2709 851 2752 lta
862 2704 947 2769 legen·
997 2712 1000 2717 '

69 2761 132 2813 dum
144 2765 230 2827 opinor
240 2779 271 2815 ex
281 2766 381 2829 antiquo
391 2765 472 2822 libro,
488 2766 513 2814 in
522 2782 573 2828 quo
581 2780 665 2817 tamen
674 2769 701 2821 le·
713 2769 860 2823 excellentem,
875 2782 947 2817 men·

69 2826 143 2884 dost,
159 2842 204 2889 pro
213 2829 243 2875 ad
248 2830 385 2879 ,excellentem
396 2829 506 2894 scriptum
517 2830 559 2881 est.
591 2832 667 2890 vrfin.

107 2908 129 2949 4
147 2898 179 2939 Νι
188 2894 300 2939 enarrabat
309 2905 347 2938 arn
357 2895 478 2951 demittat]
508 2892 626 2943 Noslriac
640 2896 758 2950 demittas,
775 2892 842 2956 quod
856 2895 948 2946 eelim
988 2910 992 2919 ·

71 2950 121 3003 else
131 2968 203 3018 puto,
220 2968 274 3003 cum
285 2956 378 3018 utrique
388 2954 460 3004 verbo
472 2952 511 3003 sua
520 2957 638 3015 contraria
647 2958 715 3019 erigas
726 2972 753 3004 ac
765 2951 858 3015 refirlas,
873 2972 949 3021 copu-

73 3016 124 3066 late
137 3016 272 3067 reddamur.
305 3023 364 3067 Sane
379 3020 511 3067 contrastio
527 3020 601 3068 animi
617 3032 644 3067 ac
660 3018 770 3067 demislio
786 3019 879 3068 diverse
890 3017 948 3071 asfe-

10 3100 23 3135 ι
73 3080 167 3130 cilones
179 3079 243 3135 sunt,
261 3084 370 3142 quamuis
381 3079 496 3144 posterior
505 3096 535 3129 ex
544 3084 622 3145 priore
632 3082 751 3137 nascatur,
768 3097 866 3144 utraque
877 3099 907 3132 ex
915 3086 950 3135 ti·

10 3158 26 3199 ς
75 3156 144 3192 more
155 3158 195 3193 aut
208 3141 347 3193 diffidentia.
381 3147 521 3194 Tumenim
533 3144 949 3201 manusdamus,cumdiffidinrne.

18 3232 27 3261 -,
75 3210 160 3269 ltaque
171 3210 257 3257 Cicero
269 3208 367 3256 fratrem
383 3208 440 3257 forti
461 3210 544 3256 auimo
554 3208 604 3256 vult
619 3205 680 3257 esse:
698 3223 742 3256 nec
752 3208 828 3258 modo
839 3226 889 3258 non
898 3208 950 3261 sue·

22 3298 28 3321 ι
78 3269 188 3320 nurnberc
199 3273 353 3336 negotiomm
363 3270 535 3336 magnitudini,
551 3270 588 3319 sed
600 3269 787 3321 eriamrefistere
800 3285 872 3336 arque
885 3276 954 3325 ultro

10 3360 28 3387 ,e
79 3344 209 3384 occurrere.
226 3334 358 3398 esaiaspiaa.
383 3338 545 3383 eomrelrrreur
555 3338 782 3393 dominumtuum]
796 3338 952 3389 'translatum

10 3422 29 3453 ‚q
78 3390 284 3459 doarigmtibur,
300 3400 342 3462 qui
359 3412 412 3447 orta
427 3396 567 3462 tempestate
575 3398 629 3447 vela
642 3399 806 3455 contrahunt,
820 3414 901 3465 eaque·
910 3402 951 3451 di·

10 3486 30 3535 p
77 3456 189 3517 niteant.
220 3464 304 3527 ireque
318 3462 345 3518 in
363 3461 409 3513 hac
425 3460 566 3527 metaphora
583 3460 688 3533 persiae.
709 3476 764 3515 cum
775 3462 861 3529 poslea
874 3464 954 3529 dicit,

82 3570 85 3577 .
907 3544 958 3574 οι·
