<?xml version="1.0" encoding="UTF-8"?>
<!DOCTYPE html PUBLIC "-//W3C//DTD XHTML 1.0 Transitional//EN"
    "http://www.w3.org/TR/xhtml1/DTD/xhtml1-transitional.dtd">
<html xmlns="http://www.w3.org/1999/xhtml" xml:lang="en" lang="en">
 <head>
  <title>
</title>
<meta http-equiv="Content-Type" content="text/html;charset=utf-8" />
  <meta name='ocr-system' content='tesseract 3.04.00' />
  <meta name='ocr-capabilities' content='ocr_page ocr_carea ocr_par ocr_line ocrx_word'/>
</head>
<body>
  <div class='ocr_page' id='page_1' title='image "./marcitulliicice04pedigoog_0474.png"; bbox 0 0 2296 3900; ppageno 0'>
   <div class='ocr_carea' id='block_1_1' title="bbox 215 39 1148 742">
    <p class='ocr_par' dir='ltr' id='par_1_1' title="bbox 215 39 1148 742">
     <span class='ocr_line' id='line_1_1' title="bbox 215 39 1148 138; baseline 0.003 -40"><span class='ocrx_word' id='word_1_1' title='bbox 215 39 316 138; x_wconf 37' lang='lat' dir='ltr'>“¹⁰34ss</span> <span class='ocrx_word' id='word_1_2' title='bbox 369 39 497 99; x_wconf 74' lang='lat' dir='ltr'>recusasse</span> <span class='ocrx_word' id='word_1_3' title='bbox 512 54 605 100; x_wconf 88' lang='lat' dir='ltr'>autern</span> <span class='ocrx_word' id='word_1_4' title='bbox 620 42 682 112; x_wconf 86' lang='lat' dir='ltr'>²se,</span> <span class='ocrx_word' id='word_1_5' title='bbox 702 61 738 100; x_wconf 89' lang='lat' dir='ltr'>ne</span> <span class='ocrx_word' id='word_1_6' title='bbox 760 45 840 118; x_wconf 88' lang='lat' dir='ltr'>patris</span> <span class='ocrx_word' id='word_1_7' title='bbox 856 41 1148 103; x_wconf 83' lang='lat' dir='ltr'>animumoffender</span> 
     </span>
     <span class='ocr_line' id='line_1_2' title="bbox 217 115 1124 193; baseline 0.003 -20"><span class='ocrx_word' id='word_1_8' title='bbox 217 153 353 189; x_wconf 76' lang='lat' dir='ltr'>cernon.</span> <span class='ocrx_word' id='word_1_9' title='bbox 369 135 405 174; x_wconf 89' lang='lat' dir='ltr'>eo</span> <span class='ocrx_word' id='word_1_10' title='bbox 419 115 466 174; x_wconf 89' lang='lat' dir='ltr'>fibi</span> <span class='ocrx_word' id='word_1_11' title='bbox 479 117 555 176; x_wconf 88' lang='lat' dir='ltr'>ilium</span> <span class='ocrx_word' id='word_1_12' title='bbox 570 117 687 177; x_wconf 84' lang='lat' dir='ltr'>hostem.</span> <span class='ocrx_word' id='word_1_13' title='bbox 724 131 783 176; x_wconf 89' lang='lat' dir='ltr'>tum</span> <span class='ocrx_word' id='word_1_14' title='bbox 802 136 865 185; x_wconf 88' lang='lat' dir='ltr'>me,</span> <span class='ocrx_word' id='word_1_15' title='bbox 884 119 973 193; x_wconf 89' lang='lat' dir='ltr'>inquit</span> <span class='ocrx_word' id='word_1_16' title='bbox 984 117 1124 193; x_wconf 85' lang='lat' dir='ltr'>,collegi‚</span> 
     </span>
     <span class='ocr_line' id='line_1_3' title="bbox 368 193 1133 268; baseline 0.001 -17"><span class='ocrx_word' id='word_1_17' title='bbox 368 211 405 251; x_wconf 92' lang='lat' dir='ltr'>ne</span> <span class='ocrx_word' id='word_1_18' title='bbox 420 193 486 268; x_wconf 91' lang='lat' dir='ltr'>quid</span> <span class='ocrx_word' id='word_1_19' title='bbox 501 195 569 252; x_wconf 89' lang='lat' dir='ltr'>mihi</span> <span class='ocrx_word' id='word_1_20' title='bbox 582 195 626 253; x_wconf 83' lang='lat' dir='ltr'>iile</span> <span class='ocrx_word' id='word_1_21' title='bbox 640 195 720 252; x_wconf 85' lang='lat' dir='ltr'>iratus</span> <span class='ocrx_word' id='word_1_22' title='bbox 734 195 781 253; x_wconf 89' lang='lat' dir='ltr'>tibi</span> <span class='ocrx_word' id='word_1_23' title='bbox 795 207 917 253; x_wconf 83' lang='lat' dir='ltr'><strong>noceret.</strong></span> <span class='ocrx_word' id='word_1_24' title='bbox 954 195 1051 268; x_wconf 89' lang='lat' dir='ltr'>itaque</span> <span class='ocrx_word' id='word_1_25' title='bbox 1067 212 1133 252; x_wconf 90' lang='lat' dir='ltr'>eum</span> 
     </span>
     <span class='ocr_line' id='line_1_4' title="bbox 363 260 1148 346; baseline 0.004 -19"><span class='ocrx_word' id='word_1_26' title='bbox 363 260 405 327; x_wconf 77' lang='lat' dir='ltr'>&#39;vi</span> <span class='ocrx_word' id='word_1_27' title='bbox 444 270 600 346; x_wconf 88' lang='lat' dir='ltr'>&amp;quidem</span> <span class='ocrx_word' id='word_1_28' title='bbox 618 289 705 328; x_wconf 89' lang='lat' dir='ltr'>cccc.</span> <span class='ocrx_word' id='word_1_29' title='bbox 725 285 812 330; x_wconf 87' lang='lat' dir='ltr'>certa:</span> <span class='ocrx_word' id='word_1_30' title='bbox 836 273 937 346; x_wconf 79' lang='lat' dir='ltr'>reliqua</span> <span class='ocrx_word' id='word_1_31' title='bbox 951 270 980 327; x_wconf 90' lang='lat' dir='ltr'>in</span> <span class='ocrx_word' id='word_1_32' title='bbox 995 270 1051 344; x_wconf 90' lang='lat' dir='ltr'>spe.</span> <span class='ocrx_word' id='word_1_33' title='bbox 1091 271 1148 330; x_wconf 88' lang='lat' dir='ltr'>scri</span> 
     </span>
     <span class='ocr_line' id='line_1_5' title="bbox 368 347 1143 424; baseline 0.004 -21"><span class='ocrx_word' id='word_1_34' title='bbox 368 356 426 403; x_wconf 87' lang='lat' dir='ltr'>tem</span> <span class='ocrx_word' id='word_1_35' title='bbox 443 347 556 414; x_wconf 76' lang='lat' dir='ltr'>Statius,</span> <span class='ocrx_word' id='word_1_36' title='bbox 576 347 653 405; x_wconf 88' lang='lat' dir='ltr'>ilium</span> <span class='ocrx_word' id='word_1_37' title='bbox 670 365 733 405; x_wconf 90' lang='lat' dir='ltr'>cum</span> <span class='ocrx_word' id='word_1_38' title='bbox 757 362 832 424; x_wconf 88' lang='lat' dir='ltr'>patre</span> <span class='ocrx_word' id='word_1_39' title='bbox 857 347 976 405; x_wconf 85' lang='lat' dir='ltr'>habitare</span> <span class='ocrx_word' id='word_1_40' title='bbox 997 347 1082 404; x_wconf 88' lang='lat' dir='ltr'>velle.</span> <span class='ocrx_word' id='word_1_41' title='bbox 1125 348 1143 406; x_wconf 91' lang='lat' dir='ltr'>h</span> 
     </span>
     <span class='ocr_line' id='line_1_6' title="bbox 217 420 1129 499; baseline 0.008 -23"><span class='ocrx_word' id='word_1_42' title='bbox 217 425 333 476; x_wconf 72' lang='lat' dir='ltr'>emitum</span> <span class='ocrx_word' id='word_1_43' title='bbox 369 420 401 478; x_wconf 82' lang='lat' dir='ltr'>ro</span> <span class='ocrx_word' id='word_1_44' title='bbox 416 423 554 485; x_wconf 81' lang='lat' dir='ltr'>²mirum:</span> <span class='ocrx_word' id='word_1_45' title='bbox 575 425 604 480; x_wconf 66' lang='grc' dir='ltr'>ὃ(</span> <span class='ocrx_word' id='word_1_46' title='bbox 625 423 652 482; x_wconf 90' lang='lat' dir='ltr'>id</span> <span class='ocrx_word' id='word_1_47' title='bbox 677 423 785 499; x_wconf 79' lang='lat' dir='ltr'>gaudet.</span> <span class='ocrx_word' id='word_1_48' title='bbox 822 424 960 497; x_wconf 77' lang='lat' dir='ltr'>becquem</span> <span class='ocrx_word' id='word_1_49' title='bbox 977 432 1007 479; x_wconf 89' lang='lat' dir='ltr'>tu</span> <span class='ocrx_word' id='word_1_50' title='bbox 1023 424 1074 481; x_wconf 88' lang='lat' dir='ltr'>ilio</span> <span class='ocrx_word' id='word_1_51' title='bbox 1095 442 1129 483; x_wconf 91' lang='lat' dir='ltr'>ce</span> 
     </span>
     <span class='ocr_line' id='line_1_7' title="bbox 215 488 1145 570; baseline 0 -11"><span class='ocrx_word' id='word_1_52' title='bbox 215 491 242 538; x_wconf 73' lang='lat'>³¹²</span> <span class='ocrx_word' id='word_1_53' title='bbox 258 488 358 537; x_wconf 83' lang='lat' dir='ltr'>modum</span> <span class='ocrx_word' id='word_1_54' title='bbox 368 496 565 556; x_wconf 76' lang='lat' dir='ltr'>nebulonem?</span> <span class='ocrx_word' id='word_1_55' title='bbox 588 498 692 570; x_wconf 61' lang='grc' dir='ltr'><em>ἐποχὴν</em></span> <span class='ocrx_word' id='word_1_56' title='bbox 705 511 731 554; x_wconf 71' lang='lat'>4¹</span> <span class='ocrx_word' id='word_1_57' title='bbox 743 501 856 559; x_wconf 85' lang='lat' dir='ltr'>vestram</span> <span class='ocrx_word' id='word_1_58' title='bbox 871 499 905 556; x_wconf 88' lang='lat' dir='ltr'>de</span> <span class='ocrx_word' id='word_1_59' title='bbox 925 517 954 557; x_wconf 89' lang='lat' dir='ltr'>re</span> <span class='ocrx_word' id='word_1_60' title='bbox 977 499 1050 557; x_wconf 88' lang='lat' dir='ltr'>Cani</span> <span class='ocrx_word' id='word_1_61' title='bbox 1072 499 1145 559; x_wconf 87' lang='lat' dir='ltr'>delib</span> 
     </span>
     <span class='ocr_line' id='line_1_8' title="bbox 215 555 1134 662; baseline 0.001 -32"><span class='ocrx_word' id='word_1_62' title='bbox 215 555 349 662; x_wconf 47' lang='grc' dir='ltr'>ἔξω,</span> <span class='ocrx_word' id='word_1_63' title='bbox 370 575 410 631; x_wconf 88' lang='lat' dir='ltr'>nis</span> <span class='ocrx_word' id='word_1_64' title='bbox 437 574 533 646; x_wconf 88' lang='lat' dir='ltr'>probo.</span> <span class='ocrx_word' id='word_1_65' title='bbox 572 575 640 632; x_wconf 91' lang='lat' dir='ltr'>nihil</span> <span class='ocrx_word' id='word_1_66' title='bbox 661 594 734 635; x_wconf 90' lang='lat' dir='ltr'>eram</span> <span class='ocrx_word' id='word_1_67' title='bbox 758 577 898 652; x_wconf 88' lang='lat' dir='ltr'>suspicatus</span> <span class='ocrx_word' id='word_1_68' title='bbox 919 574 953 632; x_wconf 86' lang='lat' dir='ltr'>de</span> <span class='ocrx_word' id='word_1_69' title='bbox 968 574 1093 633; x_wconf 87' lang='lat' dir='ltr'>tabulis:</span> <span class='ocrx_word' id='word_1_70' title='bbox 1119 602 1134 631; x_wconf 73' lang='lat' dir='ltr'>a</span> 
     </span>
     <span class='ocr_line' id='line_1_9' title="bbox 216 648 1148 742; baseline 0.005 -36"><span class='ocrx_word' id='word_1_71' title='bbox 216 678 260 727; x_wconf 56' lang='grc' dir='ltr'>,ω</span> <span class='ocrx_word' id='word_1_72' title='bbox 279 649 358 742; x_wconf 58' lang='lat' dir='ltr'>quem&#39;.</span> <span class='ocrx_word' id='word_1_73' title='bbox 369 649 517 709; x_wconf 85' lang='lat' dir='ltr'>restitutam</span> <span class='ocrx_word' id='word_1_74' title='bbox 532 651 683 710; x_wconf 81' lang='lat' dir='ltr'>arbitrabar.</span> <span class='ocrx_word' id='word_1_75' title='bbox 721 656 796 729; x_wconf 86' lang='lat' dir='ltr'>Quae</span> <span class='ocrx_word' id='word_1_76' title='bbox 810 648 920 719; x_wconf 86' lang='lat' dir='ltr'>differs,</span> <span class='ocrx_word' id='word_1_77' title='bbox 935 664 966 709; x_wconf 89' lang='lat' dir='ltr'>ut</span> <span class='ocrx_word' id='word_1_78' title='bbox 981 668 1102 711; x_wconf 88' lang='lat' dir='ltr'>mecum</span> <span class='ocrx_word' id='word_1_79' title='bbox 1125 671 1148 711; x_wconf 52' lang='lat' dir='ltr'>ci</span> 
     </span>
    </p>
   </div>
   <div class='ocr_carea' id='block_1_2' title="bbox 265 866 1148 1963">
    <p class='ocr_par' dir='ltr' id='par_1_2' title="bbox 265 866 1148 1963">
     <span class='ocr_line' id='line_1_10' title="bbox 396 866 1147 957; baseline 0.003 -27"><span class='ocrx_word' id='word_1_80' title='bbox 396 897 433 941; x_wconf 82' lang='lat'>41.</span> <span class='ocrx_word' id='word_1_81' title='bbox 453 880 546 941; x_wconf 74' lang='lat' dir='ltr'>Vestram</span> <span class='ocrx_word' id='word_1_82' title='bbox 560 883 586 928; x_wconf 86' lang='lat' dir='ltr'>de</span> <span class='ocrx_word' id='word_1_83' title='bbox 601 899 624 929; x_wconf 79' lang='lat' dir='ltr'>re</span> <span class='ocrx_word' id='word_1_84' title='bbox 640 883 723 943; x_wconf 72' lang='lat' dir='ltr'>causeam</span> <span class='ocrx_word' id='word_1_85' title='bbox 738 884 896 931; x_wconf 75' lang='lat' dir='ltr'>deliberationis</span> <span class='ocrx_word' id='word_1_86' title='bbox 911 866 1010 957; x_wconf 72' lang='lat' dir='ltr'>proba]=</span> <span class='ocrx_word' id='word_1_87' title='bbox 1028 886 1095 932; x_wconf 73' lang='lat' dir='ltr'>Ante</span> <span class='ocrx_word' id='word_1_88' title='bbox 1111 883 1147 932; x_wconf 68' lang='lat' dir='ltr'>ht</span> 
     </span>
     <span class='ocr_line' id='line_1_11' title="bbox 366 943 1108 1009; baseline 0.001 -16"><span class='ocrx_word' id='word_1_89' title='bbox 366 947 449 993; x_wconf 78' lang='lat' dir='ltr'>Graeca</span> <span class='ocrx_word' id='word_1_90' title='bbox 458 961 506 995; x_wconf 87' lang='lat' dir='ltr'>vox</span> <span class='ocrx_word' id='word_1_91' title='bbox 517 943 704 1002; x_wconf 82' lang='lat' dir='ltr'>defiderabatur,</span> <span class='ocrx_word' id='word_1_92' title='bbox 719 961 791 1009; x_wconf 85' lang='lat' dir='ltr'>quam</span> <span class='ocrx_word' id='word_1_93' title='bbox 805 951 917 994; x_wconf 76' lang='lat' dir='ltr'>Germani</span> <span class='ocrx_word' id='word_1_94' title='bbox 935 944 1087 997; x_wconf 82' lang='lat' dir='ltr'>restituerant</span> <span class='ocrx_word' id='word_1_95' title='bbox 1101 962 1108 994; x_wconf 74' lang='grc' dir='ltr'><strong><em>ε</em></strong></span> 
     </span>
     <span class='ocr_line' id='line_1_12' title="bbox 265 1006 1148 1059; baseline 0.005 -5"><span class='ocrx_word' id='word_1_96' title='bbox 265 1047 268 1054; x_wconf 97' lang='grc'>.</span> <span class='ocrx_word' id='word_1_97' title='bbox 366 1008 560 1059; x_wconf 81' lang='lat' dir='ltr'>emendationem</span> <span class='ocrx_word' id='word_1_98' title='bbox 573 1007 704 1056; x_wconf 90' lang='lat' dir='ltr'>nostrorum</span> <span class='ocrx_word' id='word_1_99' title='bbox 715 1008 822 1058; x_wconf 90' lang='lat' dir='ltr'>codicum</span> <span class='ocrx_word' id='word_1_100' title='bbox 835 1009 960 1057; x_wconf 79' lang='lat' dir='ltr'>autoritate</span> <span class='ocrx_word' id='word_1_101' title='bbox 971 1006 1116 1057; x_wconf 82' lang='lat' dir='ltr'>confirmari</span> <span class='ocrx_word' id='word_1_102' title='bbox 1127 1023 1148 1058; x_wconf 88' lang='lat' dir='ltr'>r·</span> 
     </span>
     <span class='ocr_line' id='line_1_13' title="bbox 368 1070 1148 1135; baseline 0 -16"><span class='ocrx_word' id='word_1_103' title='bbox 368 1071 441 1119; x_wconf 79' lang='lat' dir='ltr'>Aliud</span> <span class='ocrx_word' id='word_1_104' title='bbox 452 1087 546 1128; x_wconf 86' lang='lat' dir='ltr'>tamen,</span> <span class='ocrx_word' id='word_1_105' title='bbox 562 1072 627 1133; x_wconf 90' lang='lat' dir='ltr'>quod</span> <span class='ocrx_word' id='word_1_106' title='bbox 635 1073 753 1120; x_wconf 72' lang='lat' dir='ltr'>Germani</span> <span class='ocrx_word' id='word_1_107' title='bbox 765 1072 920 1135; x_wconf 71' lang='lat' dir='ltr'>praeterierint</span> <span class='ocrx_word' id='word_1_108' title='bbox 933 1104 940 1126; x_wconf 90' lang='lat'><em>‚</em></span> <span class='ocrx_word' id='word_1_109' title='bbox 954 1084 984 1117; x_wconf 83' lang='lat' dir='ltr'>ex</span> <span class='ocrx_word' id='word_1_110' title='bbox 999 1070 1090 1119; x_wconf 84' lang='lat' dir='ltr'>iisdem</span> <span class='ocrx_word' id='word_1_111' title='bbox 1103 1088 1148 1119; x_wconf 77' lang='lat' dir='ltr'>es</span> 
     </span>
     <span class='ocr_line' id='line_1_14' title="bbox 367 1131 1148 1195; baseline 0.001 -13"><span class='ocrx_word' id='word_1_112' title='bbox 367 1134 410 1182; x_wconf 86' lang='lat' dir='ltr'>bus</span> <span class='ocrx_word' id='word_1_113' title='bbox 420 1132 536 1183; x_wconf 80' lang='lat' dir='ltr'>hausimus</span> <span class='ocrx_word' id='word_1_114' title='bbox 547 1168 555 1190; x_wconf 93' lang='lat'>,</span> <span class='ocrx_word' id='word_1_115' title='bbox 572 1131 637 1195; x_wconf 85' lang='lat' dir='ltr'>quod</span> <span class='ocrx_word' id='word_1_116' title='bbox 647 1134 672 1184; x_wconf 87' lang='lat' dir='ltr'>in</span> <span class='ocrx_word' id='word_1_117' title='bbox 682 1134 787 1183; x_wconf 85' lang='lat' dir='ltr'>nostrum</span> <span class='ocrx_word' id='word_1_118' title='bbox 797 1135 881 1183; x_wconf 86' lang='lat' dir='ltr'>librum</span> <span class='ocrx_word' id='word_1_119' title='bbox 894 1134 1045 1182; x_wconf 76' lang='lat' dir='ltr'>contulimus</span> <span class='ocrx_word' id='word_1_120' title='bbox 1054 1149 1061 1179; x_wconf 77' lang='grc' dir='ltr'><strong>ι</strong></span> <span class='ocrx_word' id='word_1_121' title='bbox 1088 1135 1148 1183; x_wconf 83' lang='lat' dir='ltr'>inte</span> 
     </span>
     <span class='ocr_line' id='line_1_15' title="bbox 369 1195 1143 1260; baseline 0.004 -17"><span class='ocrx_word' id='word_1_122' title='bbox 369 1208 448 1243; x_wconf 87' lang='lat' dir='ltr'>autem</span> <span class='ocrx_word' id='word_1_123' title='bbox 466 1199 608 1246; x_wconf 85' lang='lat' dir='ltr'>ciceronem</span> <span class='ocrx_word' id='word_1_124' title='bbox 623 1196 721 1260; x_wconf 84' lang='lat' dir='ltr'>probare</span> <span class='ocrx_word' id='word_1_125' title='bbox 736 1199 819 1260; x_wconf 69' lang='grc' dir='ltr'>ἰπιχιὶν</span> <span class='ocrx_word' id='word_1_126' title='bbox 836 1195 1013 1245; x_wconf 82' lang='lat' dir='ltr'>deliberationis</span> <span class='ocrx_word' id='word_1_127' title='bbox 1029 1195 1061 1244; x_wconf 86' lang='lat' dir='ltr'>de</span> <span class='ocrx_word' id='word_1_128' title='bbox 1079 1212 1107 1245; x_wconf 86' lang='lat' dir='ltr'>re</span> <span class='ocrx_word' id='word_1_129' title='bbox 1124 1204 1143 1245; x_wconf 81' lang='lat' dir='ltr'>C</span> 
     </span>
     <span class='ocr_line' id='line_1_16' title="bbox 369 1256 1147 1324; baseline 0.005 -19"><span class='ocrx_word' id='word_1_130' title='bbox 369 1256 600 1308; x_wconf 81' lang='lat' dir='ltr'>sorraffedeeodern</span> <span class='ocrx_word' id='word_1_131' title='bbox 611 1263 710 1324; x_wconf 82' lang='lat' dir='ltr'>negotio</span> <span class='ocrx_word' id='word_1_132' title='bbox 725 1273 805 1324; x_wconf 74' lang='lat' dir='ltr'>agetur</span> <span class='ocrx_word' id='word_1_133' title='bbox 819 1258 849 1308; x_wconf 85' lang='lat' dir='ltr'>de</span> <span class='ocrx_word' id='word_1_134' title='bbox 866 1274 914 1321; x_wconf 86' lang='lat' dir='ltr'>quo</span> <span class='ocrx_word' id='word_1_135' title='bbox 929 1257 1048 1309; x_wconf 85' lang='lat' dir='ltr'>lib.x111.</span> <span class='ocrx_word' id='word_1_136' title='bbox 1083 1262 1147 1309; x_wconf 87' lang='lat' dir='ltr'>duo·</span> 
     </span>
     <span class='ocr_line' id='line_1_17' title="bbox 355 1320 1148 1383; baseline 0.006 -16"><span class='ocrx_word' id='word_1_137' title='bbox 355 1321 492 1381; x_wconf 65' lang='lat' dir='ltr'>innuitur,</span> <span class='ocrx_word' id='word_1_138' title='bbox 508 1320 546 1369; x_wconf 89' lang='lat' dir='ltr'>sed</span> <span class='ocrx_word' id='word_1_139' title='bbox 562 1323 587 1370; x_wconf 87' lang='lat' dir='ltr'>id</span> <span class='ocrx_word' id='word_1_140' title='bbox 604 1335 684 1371; x_wconf 88' lang='lat' dir='ltr'>tamen</span> <span class='ocrx_word' id='word_1_141' title='bbox 701 1338 751 1371; x_wconf 89' lang='lat' dir='ltr'>non</span> <span class='ocrx_word' id='word_1_142' title='bbox 767 1321 936 1372; x_wconf 85' lang='lat' dir='ltr'>adfirmamus:</span> <span class='ocrx_word' id='word_1_143' title='bbox 954 1322 1044 1383; x_wconf 78' lang='lat' dir='ltr'>quippe</span> <span class='ocrx_word' id='word_1_144' title='bbox 1060 1337 1121 1372; x_wconf 88' lang='lat' dir='ltr'>curn</span> <span class='ocrx_word' id='word_1_145' title='bbox 1142 1354 1148 1363; x_wconf 89' lang='lat'>-</span> 
     </span>
     <span class='ocr_line' id='line_1_18' title="bbox 300 1381 1145 1451; baseline -0.004 -21"><span class='ocrx_word' id='word_1_146' title='bbox 300 1396 305 1405; x_wconf 92' lang='lat'>·</span> <span class='ocrx_word' id='word_1_147' title='bbox 367 1382 416 1430; x_wconf 87' lang='lat' dir='ltr'>hoc</span> <span class='ocrx_word' id='word_1_148' title='bbox 427 1385 525 1431; x_wconf 88' lang='lat' dir='ltr'>nornine</span> <span class='ocrx_word' id='word_1_149' title='bbox 540 1381 717 1447; x_wconf 79' lang='lat' dir='ltr'>significantur,</span> <span class='ocrx_word' id='word_1_150' title='bbox 733 1385 848 1434; x_wconf 84' lang='lat' dir='ltr'>fateamur</span> <span class='ocrx_word' id='word_1_151' title='bbox 866 1400 909 1433; x_wconf 91' lang='lat' dir='ltr'>nos</span> <span class='ocrx_word' id='word_1_152' title='bbox 924 1384 1053 1447; x_wconf 54' lang='lat' dir='ltr'>ignorare.)</span> <span class='ocrx_word' id='word_1_153' title='bbox 1082 1402 1145 1451; x_wconf 82' lang='lat' dir='ltr'>qu..</span> 
     </span>
     <span class='ocr_line' id='line_1_19' title="bbox 367 1444 1148 1513; baseline 0.001 -19"><span class='ocrx_word' id='word_1_154' title='bbox 367 1445 403 1494; x_wconf 86' lang='lat' dir='ltr'>ita</span> <span class='ocrx_word' id='word_1_155' title='bbox 413 1444 541 1509; x_wconf 85' lang='lat' dir='ltr'>scripsimus</span> <span class='ocrx_word' id='word_1_156' title='bbox 553 1480 560 1503; x_wconf 89' lang='lat'>‚</span> <span class='ocrx_word' id='word_1_157' title='bbox 576 1446 683 1496; x_wconf 85' lang='lat' dir='ltr'>dedimus</span> <span class='ocrx_word' id='word_1_158' title='bbox 695 1446 718 1495; x_wconf 93' lang='lat' dir='ltr'>id</span> <span class='ocrx_word' id='word_1_159' title='bbox 729 1448 872 1497; x_wconf 85' lang='lat' dir='ltr'>vetustorum</span> <span class='ocrx_word' id='word_1_160' title='bbox 882 1446 996 1497; x_wconf 82' lang='lat' dir='ltr'>librorum</span> <span class='ocrx_word' id='word_1_161' title='bbox 1007 1446 1069 1497; x_wconf 79' lang='lat' dir='ltr'>fidei</span> <span class='ocrx_word' id='word_1_162' title='bbox 1080 1452 1109 1499; x_wconf 86' lang='lat'>&amp;</span> <span class='ocrx_word' id='word_1_163' title='bbox 1123 1466 1148 1513; x_wconf 76' lang='lat' dir='ltr'>p.</span> 
     </span>
     <span class='ocr_line' id='line_1_20' title="bbox 368 1508 1138 1575; baseline 0.008 -18"><span class='ocrx_word' id='word_1_164' title='bbox 368 1522 427 1557; x_wconf 83' lang='lat' dir='ltr'>nant</span> <span class='ocrx_word' id='word_1_165' title='bbox 438 1510 558 1572; x_wconf 71' lang='lat' dir='ltr'>wlgatam</span> <span class='ocrx_word' id='word_1_166' title='bbox 570 1509 698 1559; x_wconf 68' lang='lat' dir='ltr'>lectionem</span> <span class='ocrx_word' id='word_1_167' title='bbox 710 1525 753 1558; x_wconf 91' lang='lat' dir='ltr'>nec</span> <span class='ocrx_word' id='word_1_168' title='bbox 764 1512 903 1575; x_wconf 77' lang='lat' dir='ltr'>probamus,</span> <span class='ocrx_word' id='word_1_169' title='bbox 919 1523 962 1558; x_wconf 89' lang='lat' dir='ltr'>nec</span> <span class='ocrx_word' id='word_1_170' title='bbox 974 1508 1099 1562; x_wconf 87' lang='lat' dir='ltr'>finceram</span> <span class='ocrx_word' id='word_1_171' title='bbox 1118 1520 1138 1553; x_wconf 52' lang='grc' dir='ltr'><em>Α</em></span> 
     </span>
     <span class='ocr_line' id='line_1_21' title="bbox 367 1569 1148 1682; baseline 0.006 -63"><span class='ocrx_word' id='word_1_172' title='bbox 367 1569 534 1682; x_wconf 51' lang='lat' dir='ltr'>reQXnss&#39;umus.</span> <span class='ocrx_word' id='word_1_173' title='bbox 567 1575 675 1622; x_wconf 79' lang='lat' dir='ltr'>Asterum</span> <span class='ocrx_word' id='word_1_174' title='bbox 686 1577 799 1637; x_wconf 74' lang='lat' dir='ltr'>preterea</span> <span class='ocrx_word' id='word_1_175' title='bbox 817 1573 912 1624; x_wconf 83' lang='lat' dir='ltr'>verbum</span> <span class='ocrx_word' id='word_1_176' title='bbox 930 1576 1067 1629; x_wconf 78' lang='lat' dir='ltr'>Graecum,</span> <span class='ocrx_word' id='word_1_177' title='bbox 1084 1590 1148 1639; x_wconf 61' lang='lat' dir='ltr'>qun</span> 
     </span>
     <span class='ocr_line' id='line_1_22' title="bbox 367 1634 1148 1700; baseline -0.004 -18"><span class='ocrx_word' id='word_1_178' title='bbox 367 1648 382 1682; x_wconf 92' lang='lat' dir='ltr'>c</span> <span class='ocrx_word' id='word_1_179' title='bbox 416 1635 466 1683; x_wconf 81' lang='lat' dir='ltr'>ires</span> <span class='ocrx_word' id='word_1_180' title='bbox 473 1650 523 1683; x_wconf 88' lang='lat' dir='ltr'>non</span> <span class='ocrx_word' id='word_1_181' title='bbox 535 1634 665 1692; x_wconf 87' lang='lat' dir='ltr'>habebant,</span> <span class='ocrx_word' id='word_1_182' title='bbox 681 1635 879 1699; x_wconf 56' lang='lat' dir='ltr'>{Germanisque</span> <span class='ocrx_word' id='word_1_183' title='bbox 895 1638 974 1700; x_wconf 87' lang='lat' dir='ltr'>primis</span> <span class='ocrx_word' id='word_1_184' title='bbox 991 1636 1018 1684; x_wconf 90' lang='lat' dir='ltr'>in</span> <span class='ocrx_word' id='word_1_185' title='bbox 1033 1634 1080 1687; x_wconf 71' lang='lat' dir='ltr'>sua</span> <span class='ocrx_word' id='word_1_186' title='bbox 1095 1637 1148 1689; x_wconf 63' lang='lat' dir='ltr'>sed</span> 
     </span>
     <span class='ocr_line' id='line_1_23' title="bbox 368 1697 1148 1762; baseline 0.009 -17"><span class='ocrx_word' id='word_1_187' title='bbox 368 1709 423 1746; x_wconf 84' lang='lat' dir='ltr'>eum</span> <span class='ocrx_word' id='word_1_188' title='bbox 434 1710 499 1754; x_wconf 82' lang='lat' dir='ltr'>erat,</span> <span class='ocrx_word' id='word_1_189' title='bbox 514 1697 555 1761; x_wconf 89' lang='lat' dir='ltr'>ipsi</span> <span class='ocrx_word' id='word_1_190' title='bbox 567 1713 663 1762; x_wconf 89' lang='lat' dir='ltr'>quoque</span> <span class='ocrx_word' id='word_1_191' title='bbox 674 1699 722 1748; x_wconf 89' lang='lat' dir='ltr'>illic</span> <span class='ocrx_word' id='word_1_192' title='bbox 735 1713 830 1748; x_wconf 85' lang='lat' dir='ltr'>manere</span> <span class='ocrx_word' id='word_1_193' title='bbox 846 1701 963 1749; x_wconf 79' lang='lat' dir='ltr'>voluimus</span> <span class='ocrx_word' id='word_1_194' title='bbox 976 1713 983 1744; x_wconf 74' lang='grc' dir='ltr'><strong><em>ε</em></strong></span> <span class='ocrx_word' id='word_1_195' title='bbox 1000 1713 1064 1749; x_wconf 81' lang='lat' dir='ltr'>nam</span> <span class='ocrx_word' id='word_1_196' title='bbox 1081 1701 1148 1752; x_wconf 78' lang='lat' dir='ltr'>nost</span> 
     </span>
     <span class='ocr_line' id='line_1_24' title="bbox 367 1761 1093 1825; baseline 0.008 -17"><span class='ocrx_word' id='word_1_197' title='bbox 367 1761 463 1811; x_wconf 82' lang='lat' dir='ltr'>codices</span> <span class='ocrx_word' id='word_1_198' title='bbox 480 1775 534 1809; x_wconf 87' lang='lat' dir='ltr'>eam</span> <span class='ocrx_word' id='word_1_199' title='bbox 554 1766 674 1825; x_wconf 87' lang='lat' dir='ltr'>propriam</span> <span class='ocrx_word' id='word_1_200' title='bbox 700 1763 736 1810; x_wconf 88' lang='lat' dir='ltr'>iili</span> <span class='ocrx_word' id='word_1_201' title='bbox 756 1761 833 1811; x_wconf 90' lang='lat' dir='ltr'>sedem</span> <span class='ocrx_word' id='word_1_202' title='bbox 852 1761 899 1810; x_wconf 92' lang='lat' dir='ltr'>esse</span> <span class='ocrx_word' id='word_1_203' title='bbox 920 1761 1093 1815; x_wconf 82' lang='lat' dir='ltr'>testificantur.</span> 
     </span>
     <span class='ocr_line' id='line_1_25' title="bbox 368 1822 1147 1887; baseline 0.008 -15"><span class='ocrx_word' id='word_1_204' title='bbox 368 1823 442 1873; x_wconf 83' lang='lat' dir='ltr'>verbo</span> <span class='ocrx_word' id='word_1_205' title='bbox 456 1822 590 1874; x_wconf 77' lang='lat' dir='ltr'>Academici</span> <span class='ocrx_word' id='word_1_206' title='bbox 603 1825 759 1873; x_wconf 86' lang='lat' dir='ltr'>retentionem</span> <span class='ocrx_word' id='word_1_207' title='bbox 771 1824 906 1875; x_wconf 81' lang='lat' dir='ltr'>assenfiouis</span> <span class='ocrx_word' id='word_1_208' title='bbox 917 1823 1108 1887; x_wconf 77' lang='lat' dir='ltr'>fignifieabante</span> <span class='ocrx_word' id='word_1_209' title='bbox 1122 1829 1147 1879; x_wconf 82' lang='lat' dir='ltr'>hi</span> 
     </span>
     <span class='ocr_line' id='line_1_26' title="bbox 368 1884 1141 1963; baseline 0.008 -28"><span class='ocrx_word' id='word_1_210' title='bbox 368 1885 527 1963; x_wconf 77' lang='lat' dir='ltr'>retentionem</span> <span class='ocrx_word' id='word_1_211' title='bbox 539 1885 674 1962; x_wconf 27' lang='lat' dir='ltr'>smpsxicirer</span> <span class='ocrx_word' id='word_1_212' title='bbox 684 1884 798 1948; x_wconf 74' lang='lat' dir='ltr'>fignificat</span> <span class='ocrx_word' id='word_1_213' title='bbox 811 1902 904 1962; x_wconf 38' lang='lat' dir='ltr'>:nerea</span> <span class='ocrx_word' id='word_1_214' title='bbox 915 1886 1043 1962; x_wconf 66' lang='lat' dir='ltr'>disciplina</span> <span class='ocrx_word' id='word_1_215' title='bbox 1061 1890 1095 1940; x_wconf 80' lang='lat' dir='ltr'>ad</span> <span class='ocrx_word' id='word_1_216' title='bbox 1112 1892 1141 1940; x_wconf 86' lang='lat' dir='ltr'>h·</span> 
     </span>
    </p>
   </div>
   <div class='ocr_carea' id='block_1_3' title="bbox 0 0 1162 3900">
    <p class='ocr_par' dir='ltr' id='par_1_3' title="bbox 0 0 1162 3900">
     <span class='ocr_line' id='line_1_27' title="bbox 0 0 1162 3900; baseline 0 0"><span class='ocrx_word' id='word_1_217' title='bbox 0 0 1162 3900; x_wconf 95' lang='lat' dir='ltr'> </span> 
     </span>
    </p>
   </div>
  </div>
 </body>
</html>
