2296 3900
123 156 318 227 Entsr'.
360 178 433 227 nn
475 161 783 232 Atticum.
824 142 908 244 ἰῆς

39 271 232 346 infantum,
250 272 355 334 ⁶7cirm
378 273 525 334 confilium
546 270 607 351 ceni
628 272 713 349 legari
733 275 767 332 ab
782 271 907 333 Cartare:

39 366 82 410 ota
95 353 176 431 igitur
188 352 242 412 hac
257 351 293 421 de
308 370 355 422 re,
375 363 407 410 ut
420 352 513 420 soles,
533 349 634 427 stquid
650 350 685 408 ad
704 366 752 408 me
767 352 906 426 pertinere

40 442 117 499 utar,
137 430 279 505 cogitabit.
318 428 508 496 Redeomunc
522 424 556 487 ad
570 426 713 503 epistolam
734 439 821 485 tuam.
840 426 904 485 scri·

39 507 60 564 is
80 508 155 564 enim
179 503 233 565 effe
254 522 405 574 tumores,
432 524 479 565 me
495 547 504 577 ,
523 504 559 563 ad
581 504 673 563 lacum
696 503 774 593 quod
794 503 902 572 habeo,
946 544 954 559 .

41 583 218 641 enditnrum:
239 582 423 640 minuitulam
445 581 513 640 tietb
535 581 628 641 villam
649 576 771 657 butrque
791 579 927 655 Quintoh
944 585 1027 652 utique

39 658 182 717 aditurum
201 701 210 728 ,
227 656 312 717 ⁶⁸vel
326 660 365 719 im
387 657 453 718 enso
477 658 591 735 pretio,
611 655 670 737 quo
692 651 988 725 introducatur‚¹·⁰⁸‘st
1004 656 1029 700 ἑκ

39 744 53 793 t
65 737 114 795 tibi
129 736 253 811 Quintus
267 734 337 794 filius
373 737 469 805 inerit,
489 736 583 794 dotata
598 734 738 813 Aquillia:
760 751 815 811 ego
831 714 969 790 verom‘

39 828 56 869 e
71 812 239 871 venditione
250 813 317 871 nihil
330 816 443 890 cogito,
463 812 512 871 nist
527 811 618 889 quid,
647 810 727 891 quod
749 811 836 885 magis
853 826 901 867 me
1005 828 1008 836 ·

39 889 141 946 elestet
156 932 165 957 ‚
183 889 327 949 invenero.
369 891 491 966 Quintus
512 902 607 948 autent
628 888 663 962 de
685 888 808 947 emendo
831 885 901 945 nihil

39 978 98 1022 urat
111 966 168 1023 hoc
181 977 318 1041 tempore.
355 967 416 1025 satis
430 968 505 1025 enim
525 970 670 1042 torquetur
692 965 834 1024 debitione
849 962 901 1022 do·

40 1058 70 1099 s:
92 1042 121 1098 in
136 1060 189 1119 qua
203 1041 330 1102 mirificas
362 1042 496 1121 1Egnatio
514 1044 615 1119 gratias
638 1060 653 1100 a
674 1042 702 1101 it.
741 1039 915 1100 aducendai
931 1044 1039 1116 Qen-

39 1130 116 1174 utem
131 1136 219 1178 uxore
233 1117 270 1178 fic
283 1120 436 1192 abhorret,
456 1131 487 1179 ut
504 1119 591 1178 libero
605 1119 639 1177 ·le
669 1118 716 1177 ulo
738 1130 823 1194 neget
845 1112 899 1177 effe
910 1107 966 1157 W·

39 1195 174 1271 uidquam
187 1196 344 1272 jucundius.
384 1197 437 1256 Sed
451 1198 514 1255 haec
537 1213 652 1273 quoque
674 1194 813 1254 haetenus.
856 1212 902 1252 re·
951 1192 958 1209 ¹

39 1288 77 1329 eo
91 1273 166 1330 enim
181 1271 215 1330 ad
231 1273 379 1343 miseram,
397 1274 443 1333 seu
458 1274 560 1331 nuttam
576 1270 667 1349 potius
688 1272 898 1348 rempublicam.

39 1349 65 1404 t.
79 1348 220 1408 Antonius
234 1356 269 1408 ad
283 1352 330 1409 m'e
344 1350 444 1427 scripsit
464 1350 499 1409 de
520 1349 690 1408 restitutione
712 1349 774 1408 Sex.
789 1348 899 1408 Clodii:

39 1420 107 1482 uam
122 1425 295 1495 honorifice,
315 1428 394 1504 quod
408 1427 441 1486 ad
457 1444 504 1485 me
517 1428 633 1494 attinet,
653 1443 687 1483 ex
708 1426 788 1501 ipsius
802 1426 899 1485 litteris

39 1518 56 1557 o
76 1501 188 1570 nosces;
211 1501 289 1575 (mifi
306 1504 380 1562 enim
395 1505 443 1562 tibi
458 1502 632 1581 exemplum)
652 1500 737 1581 quam
760 1499 897 1572 diffolute‚

39 1518 109 1641 u{m
123 1581 262 1654 turpiter,
282 1579 424 1715 quimgue
445 1581 482 1638 ita
504 1578 679 1657 perniciose,
708 1594 738 1638 ut
754 1598 898 1639 nonnum·

40 1670 108 1710 uam
125 1655 216 1713 Caesar
229 1655 368 1714 defideran
389 1674 419 1714 us
440 1654 492 1714 effe
507 1657 647 1725 videatur,
668 1656 746 1715 facile
761 1656 899 1715 existima·

39 1724 71 1787 is.
111 1747 175 1805 quae
191 1732 267 1790 enim
282 1732 540 1866 Caesarnumpuam
556 1751 648 1809 neque
665 1730 784 1803 feciffet,
804 1748 897 1808 neque
938 1722 963 1769 Ρ·
983 1725 1012 1771 ⁸·

41 1802 110 1864 affut
126 1802 209 1877 effet,
230 1824 350 1866 canunt
364 1826 398 1866 ex
420 1809 455 1866 fal
466 1828 488 1867 rs
510 1810 567 1884 ejus
583 1811 789 1883 commentariis
802 1809 897 1885 profe-

39 1895 128 1941 untur.
167 1901 221 1960 ego
250 1896 345 1942 autem
370 1887 498 1943 Antonio
520 1885 680 1944 facillimum
709 1903 756 1943 me
783 1886 898 1973 praebui.

39 1962 129 2018 tenim
144 1959 206 2031 ssle,
226 1962 361 2035 quoniam
376 1960 460 2019 semel
473 1961 584 2021 induxit
595 1964 722 2020 animum
743 1960 791 2018 stbt
812 1961 896 2018 licere

39 2036 101 2110 ¹uod
114 2037 214 2108 vellet,
233 2036 339 2097 feciffet
352 2039 439 2098 nihilo
449 2040 702 2099 minusmeinvito.
721 2039 814 2114 itaque
822 2055 900 2096 mea·

39 2130 86 2172 um
101 2132 215 2192 quoque
228 2115 380 2175 litterarum
396 2114 457 2174 mifi
469 2117 519 2178 tibi
531 2117 702 2193 exemplum.

61 2252 462 2345 Automus'consun
495 2285 521 2345 r.
540 2285 578 2346 n.
598 2285 642 2344 m,
663 2283 866 2346 cronnom.

39 2434 594 2544 DCcunnrronrnoselifattum
608 2439 670 2498 meis
694 2437 834 2513 eufitbita
851 2452 900 2495 tua

94 2514 273 2590 profertum,
300 2537 332 2575 ne
353 2534 438 2576 tecum
459 2539 547 2576 coram
580 2517 610 2574 de
645 2516 695 2573 hac
729 2537 756 2574 re
788 2531 898 2590 agerem:

427 2630 430 2637 -
782 2590 902 2671 ⁶9qu

56 2750 96 2798 67.
115 2747 168 2790 Cum
178 2743 287 2799 consilium
296 2748 340 2809 cepi
349 2747 417 2809 lagare·
429 2761 443 2791 a
454 2745 550 2805 caston]
575 2741 674 2802 monii,
689 2757 757 2799 tum,
773 2760 823 2793 cum
836 2739 904 2801 confi·

39 2810 90 2855 *una
124 2804 164 2854 Est
180 2805 219 2854 hic
234 2807 307 2856 etiam
325 2807 477 2865 notandum,
498 2808 623 2857 infinitum
647 2823 690 2872 pro
710 2805 808 2874 gerundi
825 2808 903 2854 modo

39 2866 129 2919 ofitum
140 2868 201 2925 effe,
211 2874 267 2931 'quo
282 2869 359 2919 modo
373 2871 457 2919 itidem
474 2870 549 2920 caesat
565 2872 590 2920 in
607 2877 748 2920 comment.
773 2870 855 2929 Postero
866 2871 903 2916 die

39 2933 135 2993 mfitium
145 2944 277 2996 ceperuntex
288 2936 360 2997 oppido
368 2934 485 2996 profugere.
517 2940 578 2983 rtem
595 2936 682 2983 cicero
695 2950 726 2985 ιι.
744 2932 775 2981 de
789 2938 856 2982 orat.
874 2930 903 2979 tt

39 3014 106 3044 mmm
117 3000 168 3043 vim
184 2999 278 3044 oratoris
305 3002 328 3045 in
338 3001 468 3062 argumentis
480 2997 590 3057 pnsm'ffem
602 3032 610 3054 ,
626 3012 706 3060 tempus
718 3017 729 3043 e
746 3011 765 3042 et
772 2997 859 3057 jam'de
868 3004 908 3042 or·

39 3065 257 3119 tmaqrumemorum
273 3059 350 3111 dicere.
383 3058 542 3109 Hellenismus
558 3057 609 3117 est,
638 3060 701 3109 haud
728 3072 773 3108 ane
790 3057 904 3120 frequent

41 3121 168 3173 tatoribus.
186 3122 281 3185 Malasp.

53 3194 93 3236 ot.
112 3188 150 3232 Vel
160 3187 251 3248 impenso
263 3189 351 3247 pretia]
383 3183 521 3250 impensum
538 3184 639 3248 pretium
655 3183 688 3233 est
700 3184 801 3251 ingens,
818 3181 902 3248 profui

39 3256 93 3304 int,
115 3247 302 3298 immoderatum
315 3265 323 3305 3
348 3249 412 3309 cujus
430 3246 516 3298 scilicet
533 3246 724 3311 magnitudinem
739 3260 833 3313 emptor
848 3263 900 3297 non

39 3309 155 3376 rpenoit,
172 3328 216 3363 nec
228 3311 374 3361 reformidat.
392 3310 469 3361 Caesar
485 3312 516 3360 de
531 3312 598 3360 Bello
610 3313 675 3361 Gall.
688 3310 729 3359 lib.
743 3326 778 3362 ιν.
805 3312 900 3373 lntpmso

39 3388 99 3422 rrant
109 3378 184 3487 fflm'
200 3376 373 3427 ninimirum.
388 3378 457 3440 Qud
465 3374 556 3440 impmso
573 3376 675 3423 venibant
687 3378 765 3439 pretio.
786 3373 900 3425 Horatius

39 3451 100 3492 trin.
123 3438 127 3447 “
146 3452 192 3488 .11.
208 3443 286 3494 επις.

161 3503 274 3570 ¹Lusu'nr'ns
284 3502 350 3564 soliti
363 3502 453 3567 impenso
465 3502 569 3567 prandere
582 3510 694 3567 coemptas.
753 3514 756 3519 '
884 3551 891 3567 ‚

438 3566 585 3615 oddddda
869 3560 905 3608 2¹·

1045 3582 1069 3667 'i
