2296 3900
165 78 364 195 mn
405 148 477 197 un
519 90 821 199 Arrrc'uu.
862 122 949 219 '1787

49 249 83 311 in
109 245 237 322 dialogos
257 261 381 316 eorum,
402 246 451 324 qui
473 246 613 322 viverent)
635 245 707 317 sed,
727 247 791 323 quia
805 245 897 305 scribis
912 246 945 307 dc

53 323 209 383 desudemri
233 319 251 380 d
271 322 425 394 Varrone,
446 324 476 382 &
499 324 594 401 magni
614 322 692 381 illum
715 323 875 394 aestimate,
895 340 944 383 eos

56 400 192 460 confeci:
214 398 370 468 &absolvi‚
391 401 485 459 nescio
499 400 586 478 quim
600 400 689 470 bene,
708 399 755 458 sed
775 400 812 457 ita
832 417 946 459 accura-
992 430 993 435 .

58 475 110 547 te,
128 489 162 535 ut
174 475 244 535 nthil
257 476 338 559 possit
351 476 429 552 supra
445 520 455 547 ,
473 476 713 536 ⁶⁶Atademicam
735 493 854 536 omnem
867 493 948 608 ‹puae-
1046 490 1049 499 ·

58 553 186 614 dionem
205 553 278 612 libris
296 562 423 631 quatuor.
461 554 560 624 ineis,
580 570 645 630 quae
665 564 744 612 crant
763 564 860 612 contra
895 571 946 609 rte·

65 628 209 696 exaudiar
223 630 354 706 ptaeclaie
368 629 483 690 collecta
497 632 531 689 ab
546 632 710 700 Antiocho,
728 630 851 689 Varroni
863 628 947 706 dedi:

66 707 103 767 ad
117 705 219 784 eaipse
233 706 411 783 respondeor
432 721 462 766 ut
483 725 511 766 es
533 709 627 767 tertius
648 709 676 766 in
700 706 829 766 sermone
842 706 947 766 nostro.

67 782 89 843 fi
108 785 138 839 ⁶7
148 786 264 842 Cottam
291 785 321 842 δι
340 785 499 844 Varronem
522 781 645 844 fecissem
665 786 737 843 inter
759 784 787 842 se
808 783 947 859 disputan-

68 871 131 932 tes,
151 856 215 918 uta
235 871 265 918 te
279 862 411 936 proximis
429 862 525 920 litteris
546 861 702 920 admoneor
712 885 721 928 ;
744 876 840 920 meum
859 860 947 934 καφδν

68 939 208 1008 abstante
222 935 295 996 esser.
334 940 389 997 hoc
404 939 433 996 in
449 939 566 1016 antiquis
579 937 699 1014 personis
714 938 830 995 suaviter
845 936 894 1005 fit,
913 948 946 996 ut

70 1015 99 1073 dc
113 1012 277 1074 Heraclides
290 1015 318 1073 in
333 1016 443 1084 multis,
463 1016 493 1073 &
506 1033 559 1074 nos
580 1016 624 1073 sex
646 1015 682 1073 de
702 1014 852 1091 Republica
874 1014 947 1074 libris

69 1092 196 1151 fecimus.
224 1090 286 1149 sunt
300 1094 384 1151 etiarn
400 1091 436 1149 de
450 1092 572 1150 Oratore
586 1091 670 1151 nostri
683 1102 754 1161 tres,
775 1091 844 1149 mihi
860 1091 947 1148 vehe-

71 1181 181 1228 menter
203 1167 318 1242 probati.
357 1171 385 1227 in
408 1168 446 1226 eis
467 1186 504 1244 qu
546 1187 582 1226 ue
606 1186 648 1226 eae
668 1169 793 1243 personae
815 1167 895 1237 sunt,
915 1180 947 1226 ut

70 1246 140 1304 mihi
161 1244 311 1303 tacendum
332 1246 422 1305 suerit.
462 1187 568 1303 eraofflu
589 1247 665 1304 enim
687 1244 834 1321 loquitur,
854 1244 949 1303 Anto·
1004 1279 1013 1297 ·
1047 1280 1059 1301 .

69 1323 157 1390 nius,
178 1320 290 1380 Catulus
304 1323 404 1392 senex,
425 1322 458 1380 C.
489 1322 582 1391 ullus,
603 1323 686 1381 frater
707 1322 824 1388 Catuli,
845 1320 947 1391 Cotta,

70 1398 119 1457 Sul
138 1397 214 1457 icius.
248 1416 336 1474 puero
351 1416 399 1458 me
411 1399 459 1457 hic
471 1398 562 1463 sermo
577 1397 731 1467 inducitur,
751 1410 782 1456 ut
795 1396 879 1455 nullae
894 1394 949 1456 esse

70 1417 181 1551 podem
196 1489 284 1549 partes
298 1493 381 1535 meae.
419 1492 484 1552 quae
498 1488 593 1535 autem
607 1475 648 1534 his
663 1473 833 1550 temporibus
847 1473 947 1548 scripsi,

70 1550 261 1621 Arcturum
275 1570 385 1611 morem
398 1550 522 1613 habent?
538 1553 567 1613 in
581 1570 639 1629 quo
654 1552 744 1611 sermo
758 1552 797 1609 ita
810 1549 949 1610 inducitur

70 1641 251 1698 ceterorum,
270 1641 301 1687 ut
315 1647 400 1704 penes
414 1629 502 1706 ipsum
517 1627 549 1687 fit
568 1629 744 1704 principatus.
784 1629 822 1686 ita
836 1627 949 1687 confeci

73 1774 76 1779 ,
92 1707 199 1780 uinquc
211 1703 293 1763 libros
309 1702 369 1771 mii
385 1709 491 1776 τελῶν,
516 1717 547 1763 ut
568 1705 704 1780 Epicurea
727 1705 762 1763 L.
776 1704 842 1762 Tor
862 1715 949 1774 uat0,

70 1723 168 1840 §tolca
189 1781 232 1838 M.
246 1780 397 1849 reatori,
425 1787 628 1849 neutrarum&
648 1781 691 1838 M.
713 1781 804 1840 Pisoni
818 1722 973 1842 udaremu
990 1780 1100 1829 Autome

70 1857 307 1930 recitaturum
321 1856 352 1928 id
363 1857 424 1915 fore
438 1869 581 1932 putaram,
601 1854 679 1932 qubd
694 1873 793 1916 omnes
805 1856 843 1915 illi
856 1856 949 1916 deces-
958 1844 1010 1892 Ma,

73 1933 172 1993 serant.
210 1934 240 1976 ⁶⁸
249 1936 312 1994 haec
326 1933 497 1993 Academica
513 1976 522 2004 ,
542 1945 573 1991 ut
587 1933 652 2002 sels,
672 1949 739 1991 cum
750 1932 868 2002 Catulo,
888 1905 1099 2017 muneraremur

890 2012 966 2079 ffll't
991 2029 1072 2093 ἑζιλὸ·

954 2111 1026 2145 cunct
1044 2095 1099 2153 alit,

74 2150 183 2208 Atticus,
199 2166 230 2200 ne
240 2148 282 2200 sibi
292 2150 339 2201 hoc
349 2151 381 2200 ali
399 2150 434 2199 uis
444 2151 503 2199 vitio
515 2149 594 2207 daret,
609 2146 675 2214 qubd
685 2148 878 2199 benevolentiam
888 2151 948 2209 eius,

73 2227 100 2261 ut
112 2213 169 2262 clari
180 2216 204 2262 in
214 2216 297 2263 litteris
309 2212 391 2271 viri‚fi
410 2215 609 2269 iconciliaret‚ut
622 2213 671 2273 eius
685 2210 773 2277 scriptis
783 2211 948 2264 celebraretur:

53 2291 150 2339 xquam
166 2276 310 2341 tamenipse
331 2276 424 2326 causam
437 2275 460 2326 se
474 2280 500 2326 in
517 2283 623 2325 varrone
643 2290 693 2324 non
708 2273 807 2326 movisse
823 2274 948 2327 adfirmat:

73 2338 162 2395 etsr‚tit
173 2342 267 2414 culpam
278 2344 304 2389 dt
315 2339 468 2451 suspicionem
480 2354 580 2388 omnem
591 2339 702 2395 evitaret,
710 2337 809 2389 libenter
817 2338 949 2392 discedebat

73 2399 89 2451 d
99 2401 186 2451 talibus
197 2405 265 2451 atris:
282 2418 329 2466 qua
357 2418 370 2451 e
381 2401 448 2453 causa
459 2405 582 2452 neminem
592 2403 654 2451 olim
665 2418 761 2462 eorum,
775 2403 817 2469 qui
827 2405 947 2463 viverent,

71 2465 98 2514 iu
109 2463 155 2513 suis
167 2465 275 2529 Dialogis
285 2467 433 2515 introducere
443 2464 559 2516 statuerat.
594 2469 671 2516 muer.

108 2536 147 2577 66.
167 2530 324 2576 Academicum
334 2529 552 2594 ommqaastionem
562 2531 624 2576 siluit
635 2536 749 2592 quarm]
762 2533 901 2579 Hoctotum
910 2527 949 2579 su·

73 2588 176 2655 spicatur
189 2591 409 2643 abundareManut.
421 2607 446 2641 ut
461 2589 576 2656 glossema
592 2592 736 2655 superiorum
745 2591 889 2651 verborum
907 2592 947 2644 sed

75 2653 142 2703 male
154 2652 277 2718 suspicatur
289 2656 362 2716 judice
373 2654 505 2711 Lambiuo,
521 2657 562 2717 qul
574 2650 723 2704 retinendum
734 2655 819 2705 censet.
839 2659 912 2706 anie.

109 2725 148 2774 67.
164 2725 266 2778 Cottam]
295 2723 323 2769 C.
335 2724 450 2776 Cottam,
466 2730 586 2767 oratorem
602 2721 627 2766 dr
640 2718 809 2782 Philosophum
818 2718 948 2769 Academi·

72 2793 130 2829 cum
141 2773 209 2830 libr.
227 2780 414 2831 demuntur.
432 2783 517 2831 carrad.
550 2783 625 2833 Rede
645 2783 767 2831 Corradus
784 2783 898 2848 intelligit
914 2786 948 2835 C·

73 2842 199 2893 Aurelium
211 2848 312 2892 Cottam
328 2848 455 2893 Oratorem
471 2843 554 2900 (Bruto
569 2854 607 2901 ss,
618 2855 656 2903 89,
667 2849 719 2909 90.)
735 2850 760 2896 bt
778 2845 949 2910 Philosophum
993 2854 996 2859 “

74 2905 248 2956 Academicum
261 2915 292 2957 A.
303 2911 332 2956 U.
345 2917 397 2955 678.
414 2905 546 2957 Consulem
557 2922 612 2955 cum
623 2913 650 2957 L.
659 2911 774 2964 oblatio,
790 2911 876 2973 inquo
888 2923 950 2957 con·

74 2968 153 3020 sularu
165 2972 250 3019 concio
263 2971 291 3019 ab
302 2985 332 3018 eo
343 2969 423 3019 habita
434 2970 480 3027 est,
497 2970 632 3032 quaeritat
643 2974 667 3020 in
682 2973 822 3036 fragmentis
835 2971 946 3022 sallustii.

76 3035 201 3083 Manutius
212 3045 277 3096 putat
289 3034 356 3082 innui
365 3033 403 3081 hic
416 3038 444 3083 1..
456 3034 579 3085 Aurelium
589 3039 707 3091 Cottam,
727 3034 843 3100 insignem
856 3032 947 3093 judiciis

75 3095 138 3145 inter
156 3112 204 3145 tres
218 3097 313 3145 ordines
327 3098 511 3145 communicaris
526 3110 591 3144 anno
607 3104 660 3152 ⁶83·
688 3095 772 3146 crasso
789 3100 815 3147 dt
831 3098 948 3161 Pompeio

77 3159 232 3215 Consulibus,
244 3161 364 3226 collegam
374 3164 402 3209 L.
412 3160 497 3208 Manlii
511 3161 629 3223 Torquati
640 3160 664 3207 in
676 3158 807 3209 Consulatu
819 3168 946 3212 annom.

77 3220 117 3271 sed
132 3237 187 3271 cum
201 3222 298 3272 biennio
314 3222 383 3286 post,
399 3223 512 3272 nimirum
528 3230 581 3276 690.
592 3221 693 3275 ¹Consul
704 3222 774 3272 fuerit
784 3227 884 3282 cicero,
895 3238 946 3276 non

76 3286 156 3334 multo
166 3287 260 3349 gravior
269 3289 337 3336 annis
349 3287 466 3335 Cicerone
477 3282 545 3335 fuisse
555 3285 654 3336 videtur.
688 3287 712 3346 γ,
720 3292 745 3337 F.
751 3291 846 3338 Gronov.

110 3357 148 3397 ⁶8.
166 3355 215 3396 Har
225 3352 373 3405 tArmentiue,
385 3365 410 3396 ut
419 3351 476 3410 scis,
492 3367 541 3396 cnm
553 3352 641 3406 Casula,
656 3351 758 3408 bulso,
774 3351 884 3411 Hortensto
898 3368 947 3398 urr-

73 3411 190 3471 tuleram.]
202 3415 285 3461 Forte:
304 3416 508 3469 HaecAcademira,
524 3429 585 3474 qua,
599 3414 684 3478 urscia,
699 3418 722 3464 r'n
734 3416 848 3473 cutim,
862 3414 948 3481 butes·
1106 3474 1109 3479 Ι

73 3478 135 3537 lum,
152 3476 285 3537 Hortenfinm
294 3477 430 3529 contuleram.
462 3475 547 3530 Lamb.
805 3486 807 3491 '
1060 3522 1068 3545 ,

827 3548 866 3598 ⁶9·
882 3543 954 3588 Eun
1025 3570 1103 3664 'a
