2296 3900
164 150 359 217 Error.
401 165 473 214 nn
516 148 822 211 Arrtcuu.
861 138 999 274 ιόόςτ·1

999 248 1039 299 ις.

52 256 88 319 δι’
101 258 170 319 cunt
184 258 295 336 reliquis
309 257 395 317 etiam
417 255 474 315 loci
494 257 611 332 gravitas
629 253 678 314 hic
692 251 860 315 smiserrime
874 270 937 330 per·
952 308 1081 347 cumn

54 334 184 396 serenda.
223 332 384 412 Quod‘me
406 349 507 392 mones
527 343 559 391 ut
579 351 613 392 ea
635 330 789 401 tvideam,
816 348 881 408 quae
903 331 961 406 ad,
978 360 1082 410 miserri-

57 424 172 489 tempus
185 410 424 472 accommodem:
444 410 584 479 facerem,
604 408 681 469 fires
694 420 848 484 pateretur,
869 409 899 466 ὅ(
919 407 993 470 srmae
1004 422 1070 488 prof.

59 489 122 549 ullo
141 489 232 549 modo
253 488 313 548 fieri
333 485 431 564 posset.
469 485 565 546 sedin
585 487 666 545 tantis
695 485 793 544 nostris
820 486 1002 560 peccatum}

59 566 199 643 tantisque
214 566 373 624 nostrorum
388 564 491 640 injuriis
507 605 516 633 ,
531 563 604 623 nihil
624 561 679 632 est,
699 561 778 638 quod
796 574 845 619 aut
865 559 963 657 face-2
975 548 1083 663 ”dfiffs
1133 602 1141 617 .

59 658 92 700 re
104 641 222 721 dignum
235 643 340 711 nobis,
360 653 409 700 aut
424 639 550 700 {imulare
584 639 674 698 offirn.
713 637 857 697 ³9Sullana
872 655 941 697 con·
963 612 1032 673 '‘st’'
1082 648 1092 666 ·

58 717 131 778 fers:
150 721 180 779 in
194 719 293 797 quibus
307 719 404 777 omnia
417 734 519 793 genere
533 656 591 792 ipdr
606 715 807 793 praeclariffima
821 717 942 786 suerunt,

61 794 259 856 moderatione
273 796 365 871 paullo
380 794 472 853 minus
486 805 646 870 temperata.
684 794 747 852 haec
762 803 856 850 autem
871 792 944 867 ejus·

58 871 143 931 modi
168 872 229 931 sunt
245 915 255 944 ,
274 883 343 931 40ut
369 869 529 941 obliviscar,
550 870 697 947 multoque
731 870 828 927 malin:
862 867 940 944 quod
1005 930 1028 944 ..

59 949 193 1008 omnibus
207 947 240 1008 fit
255 949 369 1018 melius,
389 965 512 1026 quorum
527 948 658 1006 'utilitati
673 964 766 1006 menn
777 946 867 1023 junxi.
888 942 963 1003 Tu'
978 931 1068 983 Μ’·

956 1006 995 1042 em
1007 1009 1088 1047 meam

961 1070 992 1104 ux

58 1023 98 1082 ad
118 1042 165 1083 me
185 1036 280 1085 tamen
300 1026 408 1087 xvelim
429 1022 516 1101 quim
542 1022 685 1099 saepiiiime
704 1023 822 1092 scribas,
844 1003 960 1102 eoque&
993 1058 1088 1112 mm·

59 1103 173 1176 magis,
193 1101 269 1178 qubd
285 1116 416 1178 praeterea
431 1118 520 1159 nemo
532 1100 635 1159 scribit:
657 1118 689 1159 ac
704 1098 855 1168 lomnes,
875 1112 998 1179 tuasconj.

10 1222 30 1241 ..
56 1187 158 1237 tamen
183 1177 306 1237 maximi
333 1177 528 1254 exspeetarem.
568 1177 658 1253 Quod
677 1177 764 1236 scribis
786 1176 863 1236 illum
885 1193 958 1251 perr
976 1183 1065 1234 vellem

58 1269 109 1311 me
123 1254 233 1331 Quinto
247 1256 309 1315 fore
321 1255 518 1331 placationem:
538 1253 627 1329 scripsi
640 1254 675 1313 ad
687 1265 715 1312 te
729 1264 846 1323 ramea,
867 1271 933 1312 cum
942 1248 994 1296 Mt.

37 1396 41 1403 .
58 1327 148 1389 statim
163 1334 274 1408 Quinto
288 1331 346 1394 filio
360 1333 457 1394 omnia
470 1326 588 1392 tribuisse
595 1354 605 1400 ;
626 1329 709 1403 nostri
729 1330 834 1391 nullam
853 1311 1073 1431 men-ffia‘tssfliffl

942 1438 1019 1490 Mus„

60 1407 182 1470 tionem.
220 1409 301 1469 Vale.

843 1487 865 1535 Ε
882 1487 935 1534 1³1-

93 1728 133 1775 38.
150 1722 208 1769 Hr‘nc
218 1722 343 1784 evafiffem]
370 1720 471 1775 Helmst.
488 1721 561 1788 aliqui
580 1725 637 1771 enim
652 1724 700 1772 binc
715 1722 822 1783 wafiffim
834 1754 842 1778 ,
856 1722 931 1787 quatit

58 1782 194 1836 lectionem
204 1785 272 1833 unice
282 1788 365 1849 probo.
383 1787 468 1842 scioli,
479 1788 521 1850 qui
532 1785 663 1835 nescierunt
672 1786 744 1849 aliqui
761 1785 810 1836 effe
825 1787 931 1851 aliquem

10 1860 20 1869 ·
57 1845 201 1903 inlocum,
218 1859 244 1896 ut
264 1864 306 1912 qu
322 1848 355 1898 est
371 1862 443 1910 quem
458 1851 484 1897 in
499 1851 599 1905 locum,
616 1850 761 1898 inculcarunt
776 1851 844 1899 modo.
872 1854 932 1899 'Nec

56 1907 147 1959 abeunt
156 1911 231 1975 louge
240 1910 312 1969 libri,
328 1911 412 1976 quibus
428 1914 466 1962 rr.
482 1911 565 1974 Junius
581 1910 613 1961 est
629 1911 680 1959 usus
695 1914 736 1974 qui
751 1909 782 1960 stc
797 1912 888 1962 edidit:
904 1930 931 1960 ae

56 1975 149 2020 mallem
163 1977 229 2023 illum
243 1975 332 2039 aliqui:
349 1992 400 2022 nam
415 1976 464 2020 hinc
478 1975 592 2033 evafiffnn.
626 1973 671 2037 Sed
689 1973 738 2022 haec
759 1971 854 2024 absurda
869 1972 929 2026 sunt.

57 2037 126 2085 Nam
136 2052 176 2087 cur
185 2038 270 2086 Cicero
279 2036 387 2088 evasisset
398 2035 521 2086 Brundisio
531 2036 548 2084 ti
564 2034 640 2086 Cesar
649 2037 737 2097 venisset
752 2037 845 2096 aliqui?
875 2043 930 2086 imo

55 2098 145 2148 Cicero
155 2099 263 2149 credebat
273 2100 296 2150 se
305 2101 375 2151 facile
392 2101 448 2148 hinc
463 2098 595 2149 discedendi
608 2099 747 2149 facultatem
761 2132 768 2156 ‚
783 2098 801 2148 si
817 2116 867 2149 non
878 2105 932 2150 Ro·

55 2174 139 2220 mam,
155 2162 238 2215 saltem
248 2166 273 2213 in
285 2166 366 2214 locum
376 2163 569 2212 commodiorem
581 2166 607 2213 &
628 2162 779 2212 salubriorem
794 2163 933 2213 consecutu-

54 2239 112 2274 rum
127 2241 141 2274 a
156 2226 246 2276 Caedite
257 2260 265 2284 ,
280 2226 297 2276 fi
309 2241 365 2277 ante
376 2241 449 2292 quarn
459 2226 614 2277 contenderet
625 2228 651 2275 in
661 2226 764 2276 siciliam
775 2228 801 2275 δι
812 2226 930 2287 Africam,

52 2291 147 2339 veniret
157 2289 317 2341 Brundusium.
333 2297 430 2341 Terent.
446 2294 521 2354 aliquo
528 2289 637 2356 profugite
652 2293 782 2340 militatum.
800 2293 877 2341 Grau.

91 2369 102 2408 ³
107 2369 129 2407 9·
144 2355 235 2400 Sullana
244 2354 345 2414 confert]
360 2352 536 2410 Credibileest,
552 2355 659 2403 Atticum
669 2355 695 2402 in
707 2354 769 2403 hanc
784 2351 927 2405 sententiam

50 2411 185 2480 scripsisse:
199 2419 309 2465 seramus
324 2432 375 2481 qua
392 2417 431 2466 sub
446 2419 510 2467 Sulla
524 2418 642 2466 tulimus:
665 2417 713 2466 hac
727 2418 792 2465 enim
807 2417 927 2477 ejusmodi

49 2477 106 2528 fere
116 2478 175 2528 sunt.
205 2480 250 2529 Hie
259 2481 346 2529 Cicero
356 2479 519 2545 respondens,
535 2480 650 2538 Sullana,
665 2481 742 2543 inquit
754 2514 761 2535 ,
778 2493 864 2542 genere
875 2479 927 2543 ipso

49 2540 227 2606 preclarissima
235 2543 343 2601 firemut3
360 2558 417 2592 nam
428 2545 491 2591 Sulla
500 2542 592 2592 senatus
603 2542 746 2606 dignitatem
757 2555 841 2591 contra
850 2542 930 2605 perdi·

51 2618 107 2654 tam
119 2603 288 2655 &seditiosam
299 2606 393 2670 plebem
409 2604 549 2655 defendebat
561 2623 568 2662 5
595 2606 761 2656 moderatione
775 2620 826 2654 nou
841 2603 929 2654 admo·

50 2667 114 2717 dum
125 2682 269 2733 temperata3
285 2669 401 2734 siquidem
410 2685 471 2727 eos,
488 2683 548 2734 quos
559 2666 602 2718 sibi
611 2670 690 2719 minua
704 2669 795 2718 amicos
810 2668 879 2718 fuisse
890 2670 930 2719 in·

49 2731 191 2796 telligebat,
206 2731 301 2782 occidit.
334 2737 456 2784 arnam

86 2811 127 2853 4ο.
143 2801 176 2841 ‘vt
186 2795 312 2855 obliviscar,
329 2800 438 2860 multoque
448 2798 543 2854 malim]
575 2795 688 2845 Manutio
698 2792 789 2843 videtur
799 2792 873 2843 diffio
884 2792 928 2843 de·

49 2855 117 2917 esse,
131 2857 404 2922 itaquelegeremallet‚
420 2860 601 2920 oblivtscarmei,
617 2862 681 2922 idque
692 2860 785 2913 malim,
802 2856 926 2922 fiquidern

51 2924 80 2972 iu
97 2921 201 2985 antiquis
216 2917 374 2979 bessarionis,
389 2923 471 2978 Ferri,
495 2921 608 2972 Ubaldini
633 2924 659 2971 δι
675 2915 760 2969 Maffei
781 2920 847 2968 libris
884 2935 927 2977 ro,

49 2985 164 3048 multoque
177 2984 274 3039 malim,
289 2984 394 3048 legitur,
409 2990 512 3047 mr'ttrque
527 2988 613 3032 malim.
630 2983 715 3032 Cleric.
748 2988 782 3028 Ut
792 2935 945 3042 viriathus

51 3046 156 3099 Helmst.
173 3059 198 3095 ut
208 3048 324 3108 obliviscar
333 3051 395 3095 mitto
410 3051 534 3098 nemetum.
555 3046 649 3096 Balliol.
666 3046 758 3094 etiam:
775 3059 800 3092 ut
812 3046 929 3104 obliviscar

51 3115 158 3177 mittoque
171 3112 257 3159 malim.
290 3110 326 3158 sic
340 3112 365 3159 δι
380 3062 435 3159 lidri
450 3123 569 3172 quatuor,
585 3124 646 3173 quoa
662 3108 784 3158 Manutius
800 3106 926 3159 consuluit.

53 3173 118 3224 unde
129 3175 149 3224 is
160 3173 271 3234 coniicit:
288 3187 313 3219 ut
323 3175 439 3235 oblt'thcar
452 3176 508 3231 mei,
523 3174 589 3237 idque
603 3173 695 3228 malim,
710 3168 777 3234 quod
794 3172 880 3282 recepit
897 3172 925 3225 in
1023 3232 1026 3237 ¹

53 3234 120 3288 suam
130 3236 263 3287 editionem
274 3240 363 3285 Brutus.
390 3237 473 3286 Minus
485 3236 559 3300 louge
568 3233 703 3284 recedemus
714 3231 840 3298 avestigiit
860 3234 924 3284 ibro-

54 3314 108 3351 nun
118 3303 144 3350 δι
154 3300 289 3352 editionum
299 3298 316 3348 sr
327 3298 466 3349 scribarum:
482 3313 507 3346 ut
516 3300 632 3360 oblibiscar
641 3301 686 3345 mei
695 3333 703 3356 ,
717 3300 827 3361 multoque
837 3301 926 3350 malim
944 3300 949 3315 ’·

54 3364 167 3416 Gravius.
197 3369 280 3424 Quum
291 3361 350 3411 istud
359 3368 464 3428 mittoque
473 3362 534 3412 inter
545 3362 659 3424 ablivtfiaer
669 3363 695 3411 δι
707 3363 786 3408 malim
797 3359 926 3409 vehuntur·

53 3424 130 3474 exstet
142 3428 166 3475 ln
176 3425 287 3477 omuibus
303 3428 406 3477 omnino
422 3427 511 3485 MSStis
527 3425 610 3483 libris,
625 3440 676 3474 non
692 3422 788 3488 possum
802 3422 928 3489 dubitare,

39 3488 113 3589 *quin
124 3487 215 3543 ruta:
225 3489 336 3552 dederit,
351 3504 376 3544 ut
386 3491 562 3603 'mv’fiddddd’
580 3504 645 3557 etque
653 3489 742 3541 malim.
773 3491 929 3610 crumpat
1029 3558 1035 3571 ἱ
