<?xml version="1.0" encoding="UTF-8"?>
<!DOCTYPE html PUBLIC "-//W3C//DTD XHTML 1.0 Transitional//EN"
    "http://www.w3.org/TR/xhtml1/DTD/xhtml1-transitional.dtd">
<html xmlns="http://www.w3.org/1999/xhtml" xml:lang="en" lang="en">
 <head>
  <title>
</title>
<meta http-equiv="Content-Type" content="text/html;charset=utf-8" />
  <meta name='ocr-system' content='tesseract 3.04.00' />
  <meta name='ocr-capabilities' content='ocr_page ocr_carea ocr_par ocr_line ocrx_word'/>
</head>
<body>
  <div class='ocr_page' id='page_1' title='image "./marcitulliicice04pedigoog_0586.png"; bbox 0 0 2296 3900; ppageno 0'>
   <div class='ocr_carea' id='block_1_1' title="bbox 172 105 910 207">
    <p class='ocr_par' dir='ltr' id='par_1_1' title="bbox 172 105 910 207">
     <span class='ocr_line' id='line_1_1' title="bbox 172 105 910 207; baseline 0.005 -25"><span class='ocrx_word' id='word_1_1' title='bbox 172 123 256 207; x_wconf 29' lang='lat' dir='ltr'>tota,</span> <span class='ocrx_word' id='word_1_2' title='bbox 312 105 427 179; x_wconf 83' lang='lat' dir='ltr'>Eursr·</span> <span class='ocrx_word' id='word_1_3' title='bbox 440 111 501 180; x_wconf 68' lang='lat' dir='ltr'>fau</span> <span class='ocrx_word' id='word_1_4' title='bbox 521 111 695 193; x_wconf 82' lang='lat' dir='ltr'>Qururulr</span> <span class='ocrx_word' id='word_1_5' title='bbox 718 116 910 186; x_wconf 74' lang='lat' dir='ltr'>Enatmlt&#39;</span> 
     </span>
    </p>
   </div>
   <div class='ocr_carea' id='block_1_2' title="bbox 109 217 1050 663">
    <p class='ocr_par' dir='ltr' id='par_1_2' title="bbox 109 217 1050 603">
     <span class='ocr_line' id='line_1_2' title="bbox 171 217 1050 297; baseline 0.005 -19"><span class='ocrx_word' id='word_1_6' title='bbox 171 234 265 279; x_wconf 86' lang='lat' dir='ltr'>meam</span> <span class='ocrx_word' id='word_1_7' title='bbox 280 217 455 277; x_wconf 68' lang='lat' dir='ltr'>collaudavit</span> <span class='ocrx_word' id='word_1_8' title='bbox 466 219 526 279; x_wconf 82' lang='lat' dir='ltr'>satis</span> <span class='ocrx_word' id='word_1_9' title='bbox 546 221 637 282; x_wconf 88' lang='lat' dir='ltr'>multis</span> <span class='ocrx_word' id='word_1_10' title='bbox 657 225 745 285; x_wconf 86' lang='lat' dir='ltr'>verbis</span> <span class='ocrx_word' id='word_1_11' title='bbox 759 270 768 296; x_wconf 93' lang='lat'>,</span> <span class='ocrx_word' id='word_1_12' title='bbox 781 228 785 233; x_wconf 83' lang='grc'><strong>’</strong></span> <span class='ocrx_word' id='word_1_13' title='bbox 796 246 859 297; x_wconf 86' lang='lat' dir='ltr'>nou</span> <span class='ocrx_word' id='word_1_14' title='bbox 880 221 1050 285; x_wconf 63' lang='lat' dir='ltr'>meherculd‘</span> 
     </span>
     <span class='ocr_line' id='line_1_3' title="bbox 171 291 1040 378; baseline 0.003 -25"><span class='ocrx_word' id='word_1_15' title='bbox 171 291 315 368; x_wconf 74' lang='lat' dir='ltr'>indisertd,</span> <span class='ocrx_word' id='word_1_16' title='bbox 329 293 461 362; x_wconf 78' lang='lat' dir='ltr'>4severus</span> <span class='ocrx_word' id='word_1_17' title='bbox 473 296 604 358; x_wconf 87' lang='lat' dir='ltr'>Antistius</span> <span class='ocrx_word' id='word_1_18' title='bbox 620 318 626 356; x_wconf 95' lang='lat'><strong>:</strong></span> <span class='ocrx_word' id='word_1_19' title='bbox 647 301 725 376; x_wconf 87' lang='lat' dir='ltr'>isque</span> <span class='ocrx_word' id='word_1_20' title='bbox 742 304 914 378; x_wconf 87' lang='lat' dir='ltr'>judiciorum</span> <span class='ocrx_word' id='word_1_21' title='bbox 930 302 1040 360; x_wconf 85' lang='lat' dir='ltr'>eatrsam</span> 
     </span>
     <span class='ocr_line' id='line_1_4' title="bbox 171 364 1048 449; baseline 0.003 -19"><span class='ocrx_word' id='word_1_22' title='bbox 171 364 285 444; x_wconf 83' lang='lat' dir='ltr'>suscepit</span> <span class='ocrx_word' id='word_1_23' title='bbox 311 370 577 449; x_wconf 78' lang='lat' dir='ltr'>antiquissimamque</span> <span class='ocrx_word' id='word_1_24' title='bbox 604 374 631 433; x_wconf 90' lang='lat' dir='ltr'>se</span> <span class='ocrx_word' id='word_1_25' title='bbox 651 377 809 438; x_wconf 90' lang='lat' dir='ltr'>habiturum</span> <span class='ocrx_word' id='word_1_26' title='bbox 831 381 909 440; x_wconf 84' lang='lat' dir='ltr'>dixit.</span> <span class='ocrx_word' id='word_1_27' title='bbox 947 379 1048 435; x_wconf 85' lang='lat' dir='ltr'>l-batut·</span> 
     </span>
     <span class='ocr_line' id='line_1_5' title="bbox 109 445 1039 529; baseline 0.009 -28"><span class='ocrx_word' id='word_1_28' title='bbox 109 508 112 513; x_wconf 48' lang='lat'>,</span> <span class='ocrx_word' id='word_1_29' title='bbox 170 449 200 510; x_wconf 87' lang='lat' dir='ltr'>in</span> <span class='ocrx_word' id='word_1_30' title='bbox 216 464 278 505; x_wconf 87' lang='lat' dir='ltr'>eam</span> <span class='ocrx_word' id='word_1_31' title='bbox 291 445 462 512; x_wconf 83' lang='lat' dir='ltr'>sententiam.</span> <span class='ocrx_word' id='word_1_32' title='bbox 488 449 581 517; x_wconf 58' lang='lat' dir='ltr'>,Tum</span> <span class='ocrx_word' id='word_1_33' title='bbox 596 451 710 512; x_wconf 90' lang='lat' dir='ltr'>Clodius</span> <span class='ocrx_word' id='word_1_34' title='bbox 731 469 844 529; x_wconf 85' lang='lat' dir='ltr'>rogatus</span> <span class='ocrx_word' id='word_1_35' title='bbox 878 453 1039 512; x_wconf 76' lang='lat' dir='ltr'>sulendi·</span> 
     </span>
     <span class='ocr_line' id='line_1_6' title="bbox 169 523 1038 603; baseline 0.003 -21"><span class='ocrx_word' id='word_1_36' title='bbox 169 523 261 597; x_wconf 63' lang='lat' dir='ltr'>pendo</span> <span class='ocrx_word' id='word_1_37' title='bbox 277 524 398 596; x_wconf 72' lang='lat' dir='ltr'>crimme</span> <span class='ocrx_word' id='word_1_38' title='bbox 413 525 505 601; x_wconf 80' lang='lat' dir='ltr'>eoepit.</span> <span class='ocrx_word' id='word_1_39' title='bbox 543 527 673 599; x_wconf 84' lang='lat' dir='ltr'>furebat,</span> <span class='ocrx_word' id='word_1_40' title='bbox 692 528 708 603; x_wconf 67' lang='lat' dir='ltr'>‘a</span> <span class='ocrx_word' id='word_1_41' title='bbox 721 531 828 590; x_wconf 88' lang='lat' dir='ltr'>Racilio</span> <span class='ocrx_word' id='word_1_42' title='bbox 843 531 871 591; x_wconf 90' lang='lat' dir='ltr'>se</span> <span class='ocrx_word' id='word_1_43' title='bbox 892 543 1038 589; x_wconf 86' lang='lat' dir='ltr'>contuma-</span> 
     </span>
    </p>

    <p class='ocr_par' dir='ltr' id='par_1_3' title="bbox 727 617 1046 663">
     <span class='ocr_line' id='line_1_7' title="bbox 727 617 1046 663; baseline 0.009 -4"><span class='ocrx_word' id='word_1_44' title='bbox 727 628 730 633; x_wconf 94' lang='lat'>·</span> <span class='ocrx_word' id='word_1_45' title='bbox 975 617 1046 663; x_wconf 80' lang='lat' dir='ltr'>cuer.</span> 
     </span>
    </p>
   </div>
   <div class='ocr_carea' id='block_1_3' title="bbox 170 797 1035 924">
    <p class='ocr_par' dir='ltr' id='par_1_4' title="bbox 170 797 1035 924">
     <span class='ocr_line' id='line_1_8' title="bbox 203 797 1035 861; baseline -0.002 -17"><span class='ocrx_word' id='word_1_46' title='bbox 203 816 226 856; x_wconf 86' lang='lat'>4·</span> <span class='ocrx_word' id='word_1_47' title='bbox 244 799 334 846; x_wconf 69' lang='lat' dir='ltr'>Severus</span> <span class='ocrx_word' id='word_1_48' title='bbox 346 797 480 858; x_wconf 62' lang='lat' dir='ltr'>Uattrivisse]</span> <span class='ocrx_word' id='word_1_49' title='bbox 504 801 567 847; x_wconf 90' lang='lat' dir='ltr'>cum</span> <span class='ocrx_word' id='word_1_50' title='bbox 578 797 603 846; x_wconf 87' lang='lat' dir='ltr'>in</span> <span class='ocrx_word' id='word_1_51' title='bbox 614 798 713 861; x_wconf 81' lang='lat' dir='ltr'>epistola</span> <span class='ocrx_word' id='word_1_52' title='bbox 721 802 758 848; x_wconf 82' lang='grc' dir='ltr'>Μ.</span> <span class='ocrx_word' id='word_1_53' title='bbox 769 800 834 848; x_wconf 82' lang='lat' dir='ltr'>Bruti</span> <span class='ocrx_word' id='word_1_54' title='bbox 846 811 953 847; x_wconf 87' lang='lat' dir='ltr'>veterem</span> <span class='ocrx_word' id='word_1_55' title='bbox 972 797 1035 843; x_wconf 76' lang='lat' dir='ltr'>Anti·</span> 
     </span>
     <span class='ocr_line' id='line_1_9' title="bbox 170 858 1033 924; baseline -0.003 -14"><span class='ocrx_word' id='word_1_56' title='bbox 170 861 240 910; x_wconf 85' lang='lat' dir='ltr'>ilium</span> <span class='ocrx_word' id='word_1_57' title='bbox 251 863 329 907; x_wconf 85' lang='lat' dir='ltr'>vocari</span> <span class='ocrx_word' id='word_1_58' title='bbox 342 860 448 917; x_wconf 90' lang='lat' dir='ltr'>videam,</span> <span class='ocrx_word' id='word_1_59' title='bbox 464 860 562 924; x_wconf 83' lang='lat' dir='ltr'>suspicor</span> <span class='ocrx_word' id='word_1_60' title='bbox 580 862 617 909; x_wconf 87' lang='lat' dir='ltr'>hic</span> <span class='ocrx_word' id='word_1_61' title='bbox 632 862 662 910; x_wconf 90' lang='lat' dir='ltr'>de</span> <span class='ocrx_word' id='word_1_62' title='bbox 677 862 770 912; x_wconf 86' lang='lat' dir='ltr'>menda.</span> <span class='ocrx_word' id='word_1_63' title='bbox 790 866 814 912; x_wconf 76' lang='grc' dir='ltr'>δι</span> <span class='ocrx_word' id='word_1_64' title='bbox 830 861 895 910; x_wconf 86' lang='lat' dir='ltr'>forte</span> <span class='ocrx_word' id='word_1_65' title='bbox 911 858 1033 922; x_wconf 84' lang='lat' dir='ltr'>legendum</span> 
     </span>
    </p>
   </div>
   <div class='ocr_carea' id='block_1_4' title="bbox 62 923 1033 986">
    <p class='ocr_par' dir='ltr' id='par_1_5' title="bbox 62 923 1033 986">
     <span class='ocr_line' id='line_1_10' title="bbox 62 923 1033 986; baseline -0.007 -15"><span class='ocrx_word' id='word_1_66' title='bbox 62 938 75 968; x_wconf 71' lang='grc'>’,</span> <span class='ocrx_word' id='word_1_67' title='bbox 170 923 219 979; x_wconf 83' lang='lat' dir='ltr'>sic:</span> <span class='ocrx_word' id='word_1_68' title='bbox 237 927 286 973; x_wconf 77' lang='lat' dir='ltr'>Sex.</span> <span class='ocrx_word' id='word_1_69' title='bbox 300 928 360 969; x_wconf 79' lang='lat' dir='ltr'>Vrtur</span> <span class='ocrx_word' id='word_1_70' title='bbox 371 923 501 984; x_wconf 61' lang='lat' dir='ltr'>Antistius.-</span> <span class='ocrx_word' id='word_1_71' title='bbox 518 937 570 978; x_wconf 88' lang='lat' dir='ltr'>aut,</span> <span class='ocrx_word' id='word_1_72' title='bbox 589 930 648 971; x_wconf 83' lang='lat' dir='ltr'>Verus</span> <span class='ocrx_word' id='word_1_73' title='bbox 659 926 787 983; x_wconf 60' lang='lat' dir='ltr'>u{suisium</span> <span class='ocrx_word' id='word_1_74' title='bbox 803 923 953 986; x_wconf 73' lang='lat' dir='ltr'>quoddielio</span> <span class='ocrx_word' id='word_1_75' title='bbox 967 928 1033 975; x_wconf 81' lang='lat' dir='ltr'>Verus,</span> 
     </span>
    </p>
   </div>
   <div class='ocr_carea' id='block_1_5' title="bbox 109 981 1041 1741">
    <p class='ocr_par' dir='ltr' id='par_1_6' title="bbox 109 981 1041 1741">
     <span class='ocr_line' id='line_1_11' title="bbox 135 981 1034 1051; baseline 0 -20"><span class='ocrx_word' id='word_1_76' title='bbox 135 1026 138 1031; x_wconf 91' lang='lat'>.</span> <span class='ocrx_word' id='word_1_77' title='bbox 171 987 197 1036; x_wconf 89' lang='lat' dir='ltr'>in</span> <span class='ocrx_word' id='word_1_78' title='bbox 210 992 291 1041; x_wconf 77' lang='lat' dir='ltr'>Verus,</span> <span class='ocrx_word' id='word_1_79' title='bbox 306 985 404 1034; x_wconf 88' lang='lat' dir='ltr'>duarum</span> <span class='ocrx_word' id='word_1_80' title='bbox 417 987 548 1051; x_wconf 73' lang='lat' dir='ltr'>litterarum</span> <span class='ocrx_word' id='word_1_81' title='bbox 563 1000 573 1033; x_wconf 87' lang='lat' dir='ltr'>r</span> <span class='ocrx_word' id='word_1_82' title='bbox 589 989 614 1044; x_wconf 71' lang='lat' dir='ltr'>dc</span> <span class='ocrx_word' id='word_1_83' title='bbox 632 987 829 1043; x_wconf 76' lang='lat' dir='ltr'>rumilrtudlnc,</span> <span class='ocrx_word' id='word_1_84' title='bbox 846 981 959 1035; x_wconf 88' lang='lat' dir='ltr'>conversa</span> <span class='ocrx_word' id='word_1_85' title='bbox 971 983 1034 1031; x_wconf 82' lang='lat' dir='ltr'>facilc</span> 
     </span>
     <span class='ocr_line' id='line_1_12' title="bbox 170 1046 1032 1104; baseline -0.005 -8"><span class='ocrx_word' id='word_1_86' title='bbox 170 1046 214 1104; x_wconf 67' lang='lat' dir='ltr'>fit,</span> <span class='ocrx_word' id='word_1_87' title='bbox 232 1051 257 1097; x_wconf 91' lang='lat'>&amp;</span> <span class='ocrx_word' id='word_1_88' title='bbox 270 1054 333 1096; x_wconf 82' lang='lat' dir='ltr'>Verus</span> <span class='ocrx_word' id='word_1_89' title='bbox 345 1047 430 1098; x_wconf 86' lang='lat' dir='ltr'>deinde</span> <span class='ocrx_word' id='word_1_90' title='bbox 440 1047 520 1098; x_wconf 87' lang='lat' dir='ltr'>abierit</span> <span class='ocrx_word' id='word_1_91' title='bbox 530 1051 555 1097; x_wconf 90' lang='lat' dir='ltr'>in</span> <span class='ocrx_word' id='word_1_92' title='bbox 566 1052 671 1104; x_wconf 79' lang='lat' dir='ltr'>Severus,</span> <span class='ocrx_word' id='word_1_93' title='bbox 687 1065 712 1099; x_wconf 89' lang='lat' dir='ltr'>ur</span> <span class='ocrx_word' id='word_1_94' title='bbox 722 1050 773 1098; x_wconf 87' lang='lat' dir='ltr'>sunt</span> <span class='ocrx_word' id='word_1_95' title='bbox 785 1049 897 1103; x_wconf 85' lang='lat' dir='ltr'>homines</span> <span class='ocrx_word' id='word_1_96' title='bbox 911 1047 941 1097; x_wconf 89' lang='lat' dir='ltr'>ad</span> <span class='ocrx_word' id='word_1_97' title='bbox 953 1062 1032 1094; x_wconf 88' lang='lat' dir='ltr'>eamu-</span> 
     </span>
     <span class='ocr_line' id='line_1_13' title="bbox 158 1107 1034 1176; baseline -0.003 -18"><span class='ocrx_word' id='word_1_98' title='bbox 158 1109 245 1158; x_wconf 84' lang='lat' dir='ltr'>-randa</span> <span class='ocrx_word' id='word_1_99' title='bbox 258 1112 389 1174; x_wconf 84' lang='lat' dir='ltr'>proclives,</span> <span class='ocrx_word' id='word_1_100' title='bbox 413 1126 465 1174; x_wconf 83' lang='lat' dir='ltr'>quar</span> <span class='ocrx_word' id='word_1_101' title='bbox 475 1110 554 1172; x_wconf 77' lang='lat' dir='ltr'>slatitn</span> <span class='ocrx_word' id='word_1_102' title='bbox 569 1125 594 1161; x_wconf 91' lang='lat' dir='ltr'>ut</span> <span class='ocrx_word' id='word_1_103' title='bbox 606 1112 764 1176; x_wconf 83' lang='lat' dir='ltr'>intelligerent</span> <span class='ocrx_word' id='word_1_104' title='bbox 781 1112 819 1160; x_wconf 86' lang='lat' dir='ltr'>vel</span> <span class='ocrx_word' id='word_1_105' title='bbox 838 1113 871 1160; x_wconf 87' lang='lat' dir='ltr'>rei</span> <span class='ocrx_word' id='word_1_106' title='bbox 885 1107 1034 1165; x_wconf 87' lang='lat' dir='ltr'>difficultate,</span> 
     </span>
     <span class='ocr_line' id='line_1_14' title="bbox 170 1170 1034 1239; baseline -0.003 -19"><span class='ocrx_word' id='word_1_107' title='bbox 170 1174 211 1220; x_wconf 92' lang='lat' dir='ltr'>vel</span> <span class='ocrx_word' id='word_1_108' title='bbox 223 1175 311 1236; x_wconf 80' lang='lat' dir='ltr'>ingenii</span> <span class='ocrx_word' id='word_1_109' title='bbox 328 1175 388 1222; x_wconf 84' lang='lat' dir='ltr'>vitio</span> <span class='ocrx_word' id='word_1_110' title='bbox 398 1188 448 1221; x_wconf 91' lang='lat' dir='ltr'>non</span> <span class='ocrx_word' id='word_1_111' title='bbox 463 1171 572 1226; x_wconf 86' lang='lat' dir='ltr'>succeffit.</span> <span class='ocrx_word' id='word_1_112' title='bbox 604 1189 661 1222; x_wconf 87' lang='lat' dir='ltr'>nam</span> <span class='ocrx_word' id='word_1_113' title='bbox 673 1176 738 1239; x_wconf 90' lang='lat' dir='ltr'>quod</span> <span class='ocrx_word' id='word_1_114' title='bbox 752 1180 812 1221; x_wconf 80' lang='lat' dir='ltr'>l&#39;etur</span> <span class='ocrx_word' id='word_1_115' title='bbox 825 1170 964 1234; x_wconf 58' lang='lat' dir='ltr'>mummii</span> <span class='ocrx_word' id='word_1_116' title='bbox 975 1173 1034 1234; x_wconf 84' lang='lat' dir='ltr'>lega-</span> 
     </span>
     <span class='ocr_line' id='line_1_15' title="bbox 171 1234 1034 1300; baseline -0.003 -15"><span class='ocrx_word' id='word_1_117' title='bbox 171 1248 225 1292; x_wconf 89' lang='lat' dir='ltr'>tur,</span> <span class='ocrx_word' id='word_1_118' title='bbox 247 1237 341 1284; x_wconf 87' lang='lat' dir='ltr'>nomini</span> <span class='ocrx_word' id='word_1_119' title='bbox 362 1250 498 1300; x_wconf 76' lang='lat' dir='ltr'><strong>cognomen</strong></span> <span class='ocrx_word' id='word_1_120' title='bbox 511 1248 665 1300; x_wconf 76' lang='lat' dir='ltr'>anteponetur</span> <span class='ocrx_word' id='word_1_121' title='bbox 680 1252 710 1287; x_wconf 91' lang='lat' dir='ltr'>eo</span> <span class='ocrx_word' id='word_1_122' title='bbox 726 1239 827 1285; x_wconf 88' lang='lat' dir='ltr'>minime</span> <span class='ocrx_word' id='word_1_123' title='bbox 841 1235 984 1300; x_wconf 84' lang='lat' dir='ltr'>perturbor,</span> <span class='ocrx_word' id='word_1_124' title='bbox 998 1234 1034 1296; x_wconf 90' lang='lat' dir='ltr'>qui</span> 
     </span>
     <span class='ocr_line' id='line_1_16' title="bbox 109 1295 1033 1363; baseline -0.004 -17"><span class='ocrx_word' id='word_1_125' title='bbox 109 1321 110 1324; x_wconf 38' lang='lat'>¹</span> <span class='ocrx_word' id='word_1_126' title='bbox 172 1295 241 1359; x_wconf 72' lang='lat' dir='ltr'>liujus</span> <span class='ocrx_word' id='word_1_127' title='bbox 250 1300 341 1363; x_wconf 80' lang='lat' dir='ltr'>genesis</span> <span class='ocrx_word' id='word_1_128' title='bbox 351 1300 460 1362; x_wconf 85' lang='lat' dir='ltr'>exempla</span> <span class='ocrx_word' id='word_1_129' title='bbox 469 1297 527 1362; x_wconf 70' lang='lat' dir='ltr'>sepe</span> <span class='ocrx_word' id='word_1_130' title='bbox 543 1301 683 1352; x_wconf 81' lang='lat' dir='ltr'>notaverim.</span> <span class='ocrx_word' id='word_1_131' title='bbox 716 1298 776 1349; x_wconf 79' lang='lat' dir='ltr'>dixit</span> <span class='ocrx_word' id='word_1_132' title='bbox 792 1301 859 1347; x_wconf 89' lang='lat' dir='ltr'>enirn</span> <span class='ocrx_word' id='word_1_133' title='bbox 869 1298 949 1348; x_wconf 86' lang='lat' dir='ltr'>iufra:</span> <span class='ocrx_word' id='word_1_134' title='bbox 965 1299 1033 1342; x_wconf 67' lang='lat' dir='ltr'>lisam</span> 
     </span>
     <span class='ocr_line' id='line_1_17' title="bbox 120 1360 1036 1434; baseline -0.004 -25"><span class='ocrx_word' id='word_1_135' title='bbox 120 1376 123 1383; x_wconf 94' lang='grc'><strong><em>·</em></strong></span> <span class='ocrx_word' id='word_1_136' title='bbox 173 1365 281 1410; x_wconf 76' lang='lat' dir='ltr'>Licinius.</span> <span class='ocrx_word' id='word_1_137' title='bbox 302 1360 331 1410; x_wconf 85' lang='lat' dir='ltr'>ad</span> <span class='ocrx_word' id='word_1_138' title='bbox 348 1368 399 1415; x_wconf 77' lang='lat' dir='ltr'>Art.</span> <span class='ocrx_word' id='word_1_139' title='bbox 426 1362 490 1422; x_wconf 69' lang='lat' dir='ltr'>Balbi</span> <span class='ocrx_word' id='word_1_140' title='bbox 504 1365 601 1419; x_wconf 68' lang='lat' dir='ltr'>Cornelii.</span> <span class='ocrx_word' id='word_1_141' title='bbox 619 1360 690 1426; x_wconf 83' lang='lat' dir='ltr'>Epist.</span> <span class='ocrx_word' id='word_1_142' title='bbox 707 1367 772 1423; x_wconf 79' lang='lat' dir='ltr'>Fam.</span> <span class='ocrx_word' id='word_1_143' title='bbox 789 1364 869 1410; x_wconf 77' lang='lat' dir='ltr'>Gallus</span> <span class='ocrx_word' id='word_1_144' title='bbox 885 1363 994 1434; x_wconf 59' lang='lat' dir='ltr'>tanim&#39;rpt.</span> <span class='ocrx_word' id='word_1_145' title='bbox 1015 1363 1036 1421; x_wconf 54' lang='grc' dir='ltr'>Ρ,</span> 
     </span>
     <span class='ocr_line' id='line_1_18' title="bbox 170 1422 1037 1491; baseline -0.007 -19"><span class='ocrx_word' id='word_1_146' title='bbox 170 1427 266 1486; x_wconf 69' lang='lat' dir='ltr'>Manut.</span> <span class='ocrx_word' id='word_1_147' title='bbox 298 1427 389 1489; x_wconf 68' lang='lat' dir='ltr'>Severus</span> <span class='ocrx_word' id='word_1_148' title='bbox 399 1422 533 1483; x_wconf 61' lang='lat' dir='ltr'>Antistius]</span> <span class='ocrx_word' id='word_1_149' title='bbox 548 1431 605 1474; x_wconf 86' lang='lat' dir='ltr'>Ant.</span> <span class='ocrx_word' id='word_1_150' title='bbox 619 1424 760 1491; x_wconf 79' lang='lat' dir='ltr'>Augustinus</span> <span class='ocrx_word' id='word_1_151' title='bbox 771 1423 907 1477; x_wconf 77' lang='lat' dir='ltr'>emendavit</span> <span class='ocrx_word' id='word_1_152' title='bbox 920 1428 1037 1469; x_wconf 61' lang='lat' dir='ltr'>Verum»-</span> 
     </span>
     <span class='ocr_line' id='line_1_19' title="bbox 172 1485 1036 1561; baseline -0.005 -27"><span class='ocrx_word' id='word_1_153' title='bbox 172 1486 263 1544; x_wconf 78' lang='lat' dir='ltr'>tistirvs:</span> <span class='ocrx_word' id='word_1_154' title='bbox 279 1486 312 1534; x_wconf 90' lang='lat' dir='ltr'>est</span> <span class='ocrx_word' id='word_1_155' title='bbox 332 1488 397 1535; x_wconf 89' lang='lat' dir='ltr'>enim</span> <span class='ocrx_word' id='word_1_156' title='bbox 412 1501 502 1534; x_wconf 74' lang='lat' dir='ltr'>vnrus</span> <span class='ocrx_word' id='word_1_157' title='bbox 520 1487 625 1553; x_wconf 72' lang='lat' dir='ltr'>Antistia</span> <span class='ocrx_word' id='word_1_158' title='bbox 641 1487 738 1550; x_wconf 80' lang='lat' dir='ltr'>familiae</span> <span class='ocrx_word' id='word_1_159' title='bbox 754 1500 892 1561; x_wconf 74' lang='lat' dir='ltr'>cognomen</span> <span class='ocrx_word' id='word_1_160' title='bbox 914 1485 1036 1547; x_wconf 84' lang='lat' dir='ltr'>frequens,</span> 
     </span>
     <span class='ocr_line' id='line_1_20' title="bbox 173 1545 1037 1612; baseline -0.003 -16"><span class='ocrx_word' id='word_1_161' title='bbox 173 1548 229 1611; x_wconf 79' lang='lat' dir='ltr'>ciam</span> <span class='ocrx_word' id='word_1_162' title='bbox 239 1550 300 1612; x_wconf 91' lang='lat' dir='ltr'>apud</span> <span class='ocrx_word' id='word_1_163' title='bbox 312 1563 400 1598; x_wconf 85' lang='lat' dir='ltr'>veteres</span> <span class='ocrx_word' id='word_1_164' title='bbox 415 1549 552 1610; x_wconf 76' lang='lat' dir='ltr'>scriptores,</span> <span class='ocrx_word' id='word_1_165' title='bbox 577 1563 629 1597; x_wconf 87' lang='lat' dir='ltr'>tum</span> <span class='ocrx_word' id='word_1_166' title='bbox 639 1549 663 1597; x_wconf 86' lang='lat' dir='ltr'>in</span> <span class='ocrx_word' id='word_1_167' title='bbox 679 1552 728 1608; x_wconf 79' lang='lat' dir='ltr'>eius</span> <span class='ocrx_word' id='word_1_168' title='bbox 742 1549 839 1606; x_wconf 84' lang='lat' dir='ltr'>samrliat</span> <span class='ocrx_word' id='word_1_169' title='bbox 853 1549 963 1597; x_wconf 85' lang='lat' dir='ltr'>denariis.</span> <span class='ocrx_word' id='word_1_170' title='bbox 997 1545 1037 1594; x_wconf 81' lang='lat' dir='ltr'>Sed</span> 
     </span>
     <span class='ocr_line' id='line_1_21' title="bbox 168 1611 1038 1676; baseline -0.006 -17"><span class='ocrx_word' id='word_1_171' title='bbox 168 1611 250 1676; x_wconf 83' lang='lat' dir='ltr'>&#39;potest</span> <span class='ocrx_word' id='word_1_172' title='bbox 267 1626 392 1660; x_wconf 74' lang='lat' dir='ltr'>savuaeus</span> <span class='ocrx_word' id='word_1_173' title='bbox 410 1613 482 1660; x_wconf 89' lang='lat' dir='ltr'>etiam</span> <span class='ocrx_word' id='word_1_174' title='bbox 499 1613 605 1667; x_wconf 88' lang='lat' dir='ltr'>retineri,</span> <span class='ocrx_word' id='word_1_175' title='bbox 621 1614 687 1674; x_wconf 87' lang='lat' dir='ltr'>quod</span> <span class='ocrx_word' id='word_1_176' title='bbox 697 1612 730 1660; x_wconf 89' lang='lat' dir='ltr'>est</span> <span class='ocrx_word' id='word_1_177' title='bbox 738 1613 843 1674; x_wconf 80' lang='lat' dir='ltr'>ejusdem</span> <span class='ocrx_word' id='word_1_178' title='bbox 854 1612 933 1675; x_wconf 83' lang='lat' dir='ltr'>gentis</span> <span class='ocrx_word' id='word_1_179' title='bbox 951 1623 1038 1671; x_wconf 76' lang='lat' dir='ltr'>eogno-</span> 
     </span>
     <span class='ocr_line' id='line_1_22' title="bbox 173 1673 1041 1741; baseline -0.003 -19"><span class='ocrx_word' id='word_1_180' title='bbox 173 1684 249 1731; x_wconf 85' lang='lat' dir='ltr'>tuen,</span> <span class='ocrx_word' id='word_1_181' title='bbox 270 1688 295 1738; x_wconf 71' lang='lat' dir='ltr'>ur</span> <span class='ocrx_word' id='word_1_182' title='bbox 309 1689 338 1723; x_wconf 82' lang='lat' dir='ltr'>ex</span> <span class='ocrx_word' id='word_1_183' title='bbox 355 1673 522 1741; x_wconf 66' lang='lat' dir='ltr'>inscriptions,</span> <span class='ocrx_word' id='word_1_184' title='bbox 538 1677 602 1738; x_wconf 73' lang='lat' dir='ltr'>cuius</span> <span class='ocrx_word' id='word_1_185' title='bbox 612 1676 750 1741; x_wconf 81' lang='lat' dir='ltr'>exemplum</span> <span class='ocrx_word' id='word_1_186' title='bbox 760 1675 895 1739; x_wconf 79' lang='lat' dir='ltr'>subjiciam,</span> <span class='ocrx_word' id='word_1_187' title='bbox 910 1673 1041 1736; x_wconf 77' lang='lat' dir='ltr'>intelligere</span> 
     </span>
    </p>
   </div>
   <div class='ocr_carea' id='block_1_6' title="bbox 118 1734 1048 3232">
    <p class='ocr_par' dir='ltr' id='par_1_7' title="bbox 175 1734 822 1977">
     <span class='ocr_line' id='line_1_23' title="bbox 175 1734 721 1806; baseline -0.015 -19"><span class='ocrx_word' id='word_1_188' title='bbox 175 1734 304 1806; x_wconf 79' lang='lat' dir='ltr'>possumus.</span> <span class='ocrx_word' id='word_1_189' title='bbox 643 1789 645 1793; x_wconf 14' lang='grc' dir='ltr'><em>Α</em></span> <span class='ocrx_word' id='word_1_190' title='bbox 683 1777 686 1787; x_wconf 87' lang='grc'>,</span> <span class='ocrx_word' id='word_1_191' title='bbox 708 1773 721 1779; x_wconf 91' lang='grc'>.,</span> 
     </span>
     <span class='ocr_line' id='line_1_24' title="bbox 180 1800 751 1867; baseline -0.002 0"><span class='ocrx_word' id='word_1_192' title='bbox 180 1810 183 1820; x_wconf 93' lang='grc'><em>·</em></span> <span class='ocrx_word' id='word_1_193' title='bbox 213 1801 216 1806; x_wconf 87' lang='grc'><em>·</em></span> <span class='ocrx_word' id='word_1_194' title='bbox 470 1804 556 1866; x_wconf 66' lang='lat' dir='ltr'>vom</span> <span class='ocrx_word' id='word_1_195' title='bbox 577 1800 751 1867; x_wconf 71' lang='lat' dir='ltr'>mucro</span> 
     </span>
     <span class='ocr_line' id='line_1_25' title="bbox 519 1864 822 1913; baseline 0 -1"><span class='ocrx_word' id='word_1_196' title='bbox 519 1867 683 1913; x_wconf 62' lang='lat' dir='ltr'>miiitum</span> <span class='ocrx_word' id='word_1_197' title='bbox 787 1876 790 1881; x_wconf 88' lang='lat'>&#39;</span> <span class='ocrx_word' id='word_1_198' title='bbox 819 1864 822 1871; x_wconf 89' lang='grc'><strong>’</strong></span> 
     </span>
     <span class='ocr_line' id='line_1_26' title="bbox 424 1929 785 1977; baseline -0.003 0"><span class='ocrx_word' id='word_1_199' title='bbox 424 1932 454 1977; x_wconf 86' lang='lat' dir='ltr'>T.</span> <span class='ocrx_word' id='word_1_200' title='bbox 476 1930 687 1976; x_wconf 82' lang='lat' dir='ltr'>ANTISTIUS</span> <span class='ocrx_word' id='word_1_201' title='bbox 708 1929 738 1976; x_wconf 87' lang='grc' dir='ltr'>Τ.</span> <span class='ocrx_word' id='word_1_202' title='bbox 759 1930 785 1976; x_wconf 82' lang='lat' dir='ltr'>F.</span> 
     </span>
    </p>

    <p class='ocr_par' dir='ltr' id='par_1_8' title="bbox 487 1993 736 2038">
     <span class='ocr_line' id='line_1_27' title="bbox 487 1993 736 2038; baseline -0.008 -1"><span class='ocrx_word' id='word_1_203' title='bbox 487 1993 736 2038; x_wconf 77' lang='lat' dir='ltr'>STELLn&#39;ran</span> 
     </span>
    </p>

    <p class='ocr_par' dir='ltr' id='par_1_9' title="bbox 487 2055 735 2105">
     <span class='ocr_line' id='line_1_28' title="bbox 487 2055 735 2105; baseline 0.004 -5"><span class='ocrx_word' id='word_1_204' title='bbox 487 2055 735 2105; x_wconf 77' lang='lat' dir='ltr'>SEVERIANUS</span> 
     </span>
    </p>

    <p class='ocr_par' dir='ltr' id='par_1_10' title="bbox 118 2119 1048 3225">
     <span class='ocr_line' id='line_1_29' title="bbox 491 2119 774 2166; baseline -0.007 0"><span class='ocrx_word' id='word_1_205' title='bbox 491 2119 734 2166; x_wconf 79' lang='lat' dir='ltr'>DEnlcnvlT..</span> <span class='ocrx_word' id='word_1_206' title='bbox 755 2142 774 2164; x_wconf 87' lang='lat'>.·</span> 
     </span>
     <span class='ocr_line' id='line_1_30' title="bbox 172 2175 1042 2238; baseline 0.002 -13"><span class='ocrx_word' id='word_1_207' title='bbox 172 2180 244 2237; x_wconf 70' lang='lat' dir='ltr'>prun.</span> <span class='ocrx_word' id='word_1_208' title='bbox 261 2180 352 2227; x_wconf 81' lang='lat' dir='ltr'>Severus</span> <span class='ocrx_word' id='word_1_209' title='bbox 363 2177 498 2238; x_wconf 57' lang='lat' dir='ltr'>Antistium]</span> <span class='ocrx_word' id='word_1_210' title='bbox 513 2176 680 2234; x_wconf 78' lang='lat' dir='ltr'>Lambiniana,</span> <span class='ocrx_word' id='word_1_211' title='bbox 696 2180 820 2226; x_wconf 71' lang='lat' dir='ltr'>Sem&#39;Vetrar</span> <span class='ocrx_word' id='word_1_212' title='bbox 826 2176 960 2236; x_wconf 61' lang='lat' dir='ltr'>Auillius,</span> <span class='ocrx_word' id='word_1_213' title='bbox 977 2175 1042 2237; x_wconf 81' lang='lat' dir='ltr'>quod</span> 
     </span>
     <span class='ocr_line' id='line_1_31' title="bbox 172 2236 1042 2302; baseline -0.003 -11"><span class='ocrx_word' id='word_1_214' title='bbox 172 2243 304 2302; x_wconf 86' lang='lat' dir='ltr'>conjecerat</span> <span class='ocrx_word' id='word_1_215' title='bbox 315 2248 338 2291; x_wconf 85' lang='lat'>1¹.</span> <span class='ocrx_word' id='word_1_216' title='bbox 351 2242 479 2290; x_wconf 86' lang='lat' dir='ltr'>Manutius.</span> <span class='ocrx_word' id='word_1_217' title='bbox 513 2255 558 2291; x_wconf 85' lang='lat' dir='ltr'>uos</span> <span class='ocrx_word' id='word_1_218' title='bbox 570 2242 628 2292; x_wconf 87' lang='lat' dir='ltr'>nihil</span> <span class='ocrx_word' id='word_1_219' title='bbox 639 2240 757 2288; x_wconf 84' lang='lat' dir='ltr'>varietatis</span> <span class='ocrx_word' id='word_1_220' title='bbox 768 2236 913 2295; x_wconf 81' lang='lat' dir='ltr'>offendimus</span> <span class='ocrx_word' id='word_1_221' title='bbox 925 2242 951 2286; x_wconf 90' lang='lat' dir='ltr'>in</span> <span class='ocrx_word' id='word_1_222' title='bbox 963 2253 1042 2288; x_wconf 80' lang='lat' dir='ltr'>exem·</span> 
     </span>
     <span class='ocr_line' id='line_1_32' title="bbox 171 2301 1041 2366; baseline -0.002 -14"><span class='ocrx_word' id='word_1_223' title='bbox 171 2305 336 2366; x_wconf 83' lang='lat' dir='ltr'>platibusl&#39;all.</span> <span class='ocrx_word' id='word_1_224' title='bbox 348 2303 450 2365; x_wconf 85' lang='lat' dir='ltr'>ideoque</span> <span class='ocrx_word' id='word_1_225' title='bbox 456 2303 575 2352; x_wconf 90' lang='lat' dir='ltr'>noluimus</span> <span class='ocrx_word' id='word_1_226' title='bbox 586 2303 619 2350; x_wconf 90' lang='lat' dir='ltr'>uti</span> <span class='ocrx_word' id='word_1_227' title='bbox 629 2302 812 2352; x_wconf 86' lang='lat' dir='ltr'>licentiauimia.</span> <span class='ocrx_word' id='word_1_228' title='bbox 821 2306 888 2352; x_wconf 64' lang='lat' dir='ltr'>urar.</span> <span class='ocrx_word' id='word_1_229' title='bbox 905 2301 1041 2350; x_wconf 82' lang='lat' dir='ltr'>Novissime</span> 
     </span>
     <span class='ocr_line' id='line_1_33' title="bbox 173 2362 1042 2428; baseline -0.005 -13"><span class='ocrx_word' id='word_1_230' title='bbox 173 2367 222 2415; x_wconf 83' lang='lat' dir='ltr'>haec</span> <span class='ocrx_word' id='word_1_231' title='bbox 238 2365 307 2414; x_wconf 87' lang='lat' dir='ltr'>verba</span> <span class='ocrx_word' id='word_1_232' title='bbox 324 2365 419 2428; x_wconf 82' lang='lat' dir='ltr'>arripuit</span> <span class='ocrx_word' id='word_1_233' title='bbox 435 2366 517 2415; x_wconf 72' lang='lat' dir='ltr'>audor</span> <span class='ocrx_word' id='word_1_234' title='bbox 533 2363 697 2416; x_wconf 78' lang='lat' dir='ltr'>dissertationis</span> <span class='ocrx_word' id='word_1_235' title='bbox 707 2362 781 2417; x_wconf 72' lang='lat' dir='ltr'>sexte</span> <span class='ocrx_word' id='word_1_236' title='bbox 792 2364 829 2413; x_wconf 92' lang='lat' dir='ltr'>de·</span> <span class='ocrx_word' id='word_1_237' title='bbox 839 2363 978 2412; x_wconf 82' lang='lat' dir='ltr'>Praestantia</span> <span class='ocrx_word' id='word_1_238' title='bbox 992 2368 1042 2413; x_wconf 80' lang='lat' dir='ltr'>Nu·</span> 
     </span>
     <span class='ocr_line' id='line_1_34' title="bbox 171 2424 1042 2487; baseline 0 -11"><span class='ocrx_word' id='word_1_239' title='bbox 171 2427 250 2478; x_wconf 88' lang='lat' dir='ltr'>mism.</span> <span class='ocrx_word' id='word_1_240' title='bbox 285 2442 297 2476; x_wconf 89' lang='lat' dir='ltr'>a</span> <span class='ocrx_word' id='word_1_241' title='bbox 317 2465 321 2475; x_wconf 78' lang='lat'>.</span> <span class='ocrx_word' id='word_1_242' title='bbox 334 2444 386 2487; x_wconf 79' lang='lat'>514·</span> <span class='ocrx_word' id='word_1_243' title='bbox 408 2427 447 2484; x_wconf 82' lang='lat' dir='ltr'>ubi</span> <span class='ocrx_word' id='word_1_244' title='bbox 457 2441 538 2480; x_wconf 83' lang='lat' dir='ltr'>tamen</span> <span class='ocrx_word' id='word_1_245' title='bbox 550 2427 609 2477; x_wconf 91' lang='lat' dir='ltr'>nihil</span> <span class='ocrx_word' id='word_1_246' title='bbox 620 2425 689 2475; x_wconf 87' lang='lat' dir='ltr'>abeo</span> <span class='ocrx_word' id='word_1_247' title='bbox 699 2425 785 2477; x_wconf 85' lang='lat' dir='ltr'>adferri</span> <span class='ocrx_word' id='word_1_248' title='bbox 799 2424 894 2481; x_wconf 83' lang='lat' dir='ltr'>videas,</span> <span class='ocrx_word' id='word_1_249' title='bbox 917 2426 984 2482; x_wconf 81' lang='lat' dir='ltr'>eujus</span> <span class='ocrx_word' id='word_1_250' title='bbox 994 2441 1042 2475; x_wconf 85' lang='lat' dir='ltr'>nou</span> 
     </span>
     <span class='ocr_line' id='line_1_35' title="bbox 172 2488 1042 2554; baseline -0.002 -15"><span class='ocrx_word' id='word_1_251' title='bbox 172 2491 248 2551; x_wconf 82' lang='lat' dir='ltr'>lineas</span> <span class='ocrx_word' id='word_1_252' title='bbox 275 2506 289 2538; x_wconf 91' lang='lat' dir='ltr'>u</span> <span class='ocrx_word' id='word_1_253' title='bbox 315 2505 339 2538; x_wconf 80' lang='lat' dir='ltr'>aa</span> <span class='ocrx_word' id='word_1_254' title='bbox 350 2493 376 2542; x_wconf 77' lang='lat' dir='ltr'>dt</span> <span class='ocrx_word' id='word_1_255' title='bbox 387 2491 472 2554; x_wconf 87' lang='lat' dir='ltr'>petitas</span> <span class='ocrx_word' id='word_1_256' title='bbox 482 2489 568 2543; x_wconf 80' lang='lat' dir='ltr'>divetis</span> <span class='ocrx_word' id='word_1_257' title='bbox 578 2506 607 2540; x_wconf 83' lang='lat' dir='ltr'>cx</span> <span class='ocrx_word' id='word_1_258' title='bbox 619 2495 641 2538; x_wconf 82' lang='grc' dir='ltr'>Ρ.</span> <span class='ocrx_word' id='word_1_259' title='bbox 654 2491 782 2539; x_wconf 83' lang='lat' dir='ltr'>Mauurio:</span> <span class='ocrx_word' id='word_1_260' title='bbox 799 2490 840 2551; x_wconf 85' lang='lat' dir='ltr'>qui</span> <span class='ocrx_word' id='word_1_261' title='bbox 853 2501 937 2536; x_wconf 88' lang='lat' dir='ltr'>tamen</span> <span class='ocrx_word' id='word_1_262' title='bbox 949 2502 990 2536; x_wconf 88' lang='lat' dir='ltr'>cur</span> <span class='ocrx_word' id='word_1_263' title='bbox 1003 2488 1042 2537; x_wconf 82' lang='lat' dir='ltr'>bic</span> 
     </span>
     <span class='ocr_line' id='line_1_36' title="bbox 172 2549 1044 2617; baseline -0.001 -16"><span class='ocrx_word' id='word_1_264' title='bbox 172 2551 273 2617; x_wconf 80' lang='lat' dir='ltr'>disputat</span> <span class='ocrx_word' id='word_1_265' title='bbox 279 2552 308 2607; x_wconf 83' lang='lat' dir='ltr'>de</span> <span class='ocrx_word' id='word_1_266' title='bbox 319 2553 467 2610; x_wconf 88' lang='lat' dir='ltr'>hominibus,</span> <span class='ocrx_word' id='word_1_267' title='bbox 475 2551 506 2603; x_wconf 85' lang='lat' dir='ltr'>ad</span> <span class='ocrx_word' id='word_1_268' title='bbox 511 2553 626 2612; x_wconf 82' lang='lat' dir='ltr'>nonnulla</span> <span class='ocrx_word' id='word_1_269' title='bbox 633 2553 746 2605; x_wconf 83' lang='lat' dir='ltr'>mutanda</span> <span class='ocrx_word' id='word_1_270' title='bbox 751 2549 993 2616; x_wconf 87' lang='lat' dir='ltr'>proclivibus,quum</span> <span class='ocrx_word' id='word_1_271' title='bbox 998 2549 1044 2615; x_wconf 84' lang='lat' dir='ltr'>ipsc</span> 
     </span>
     <span class='ocr_line' id='line_1_37' title="bbox 171 2612 1048 2671; baseline -0.002 -7"><span class='ocrx_word' id='word_1_272' title='bbox 171 2613 229 2671; x_wconf 82' lang='lat' dir='ltr'>sciar</span> <span class='ocrx_word' id='word_1_273' title='bbox 239 2618 263 2662; x_wconf 85' lang='lat' dir='ltr'>in</span> <span class='ocrx_word' id='word_1_274' title='bbox 275 2617 326 2664; x_wconf 89' lang='lat' dir='ltr'>aliis</span> <span class='ocrx_word' id='word_1_275' title='bbox 337 2616 396 2665; x_wconf 82' lang='lat' dir='ltr'>locis</span> <span class='ocrx_word' id='word_1_276' title='bbox 407 2613 436 2670; x_wconf 80' lang='lat' dir='ltr'>ab</span> <span class='ocrx_word' id='word_1_277' title='bbox 446 2613 531 2669; x_wconf 82' lang='lat' dir='ltr'>talibus</span> <span class='ocrx_word' id='word_1_278' title='bbox 541 2614 675 2663; x_wconf 80' lang='lat' dir='ltr'>hominibus</span> <span class='ocrx_word' id='word_1_279' title='bbox 685 2612 802 2665; x_wconf 83' lang='lat' dir='ltr'>servatum</span> <span class='ocrx_word' id='word_1_280' title='bbox 811 2612 859 2663; x_wconf 81' lang='lat' dir='ltr'>effe</span> <span class='ocrx_word' id='word_1_281' title='bbox 871 2618 983 2662; x_wconf 83' lang='lat' dir='ltr'>Veterem</span> <span class='ocrx_word' id='word_1_282' title='bbox 994 2619 1048 2663; x_wconf 75' lang='lat' dir='ltr'>liu·¹</span> 
     </span>
     <span class='ocr_line' id='line_1_38' title="bbox 118 2674 1048 2739; baseline -0.003 -10"><span class='ocrx_word' id='word_1_283' title='bbox 118 2681 122 2687; x_wconf 86' lang='lat'>&#39;</span> <span class='ocrx_word' id='word_1_284' title='bbox 172 2677 280 2729; x_wconf 80' lang='lat' dir='ltr'>tilliumr</span> <span class='ocrx_word' id='word_1_285' title='bbox 296 2679 384 2739; x_wconf 76' lang='lat' dir='ltr'>scurrus</span> <span class='ocrx_word' id='word_1_286' title='bbox 399 2675 447 2731; x_wconf 88' lang='lat' dir='ltr'>vidi</span> <span class='ocrx_word' id='word_1_287' title='bbox 457 2677 629 2735; x_wconf 68' lang='lat' dir='ltr'>etiamcxstare</span> <span class='ocrx_word' id='word_1_288' title='bbox 643 2679 667 2724; x_wconf 91' lang='lat' dir='ltr'>in</span> <span class='ocrx_word' id='word_1_289' title='bbox 678 2681 729 2727; x_wconf 81' lang='lat' dir='ltr'>MS.</span> <span class='ocrx_word' id='word_1_290' title='bbox 741 2677 837 2729; x_wconf 85' lang='lat' dir='ltr'>Bulliol.</span> <span class='ocrx_word' id='word_1_291' title='bbox 848 2679 874 2724; x_wconf 73' lang='grc' dir='ltr'>δι</span> <span class='ocrx_word' id='word_1_292' title='bbox 885 2674 942 2725; x_wconf 74' lang='lat' dir='ltr'>sane</span> <span class='ocrx_word' id='word_1_293' title='bbox 958 2677 997 2724; x_wconf 85' lang='lat' dir='ltr'>vel</span> <span class='ocrx_word' id='word_1_294' title='bbox 1011 2675 1048 2726; x_wconf 78' lang='lat' dir='ltr'>clr-</span> 
     </span>
     <span class='ocr_line' id='line_1_39' title="bbox 170 2736 1044 2804; baseline -0.001 -14"><span class='ocrx_word' id='word_1_295' title='bbox 170 2736 263 2791; x_wconf 84' lang='lat' dir='ltr'>scnsum</span> <span class='ocrx_word' id='word_1_296' title='bbox 274 2755 323 2790; x_wconf 90' lang='lat' dir='ltr'>tam</span> <span class='ocrx_word' id='word_1_297' title='bbox 334 2743 358 2790; x_wconf 91' lang='lat' dir='ltr'>in</span> <span class='ocrx_word' id='word_1_298' title='bbox 369 2739 499 2804; x_wconf 88' lang='lat' dir='ltr'>republica,</span> <span class='ocrx_word' id='word_1_299' title='bbox 514 2754 587 2803; x_wconf 88' lang='lat' dir='ltr'>quam</span> <span class='ocrx_word' id='word_1_300' title='bbox 596 2741 621 2788; x_wconf 85' lang='lat' dir='ltr'>ia</span> <span class='ocrx_word' id='word_1_301' title='bbox 632 2738 676 2786; x_wconf 90' lang='lat' dir='ltr'>hac</span> <span class='ocrx_word' id='word_1_302' title='bbox 684 2737 764 2803; x_wconf 74' lang='lat' dir='ltr'>pausa,</span> <span class='ocrx_word' id='word_1_303' title='bbox 777 2740 816 2789; x_wconf 85' lang='lat' dir='ltr'>vel</span> <span class='ocrx_word' id='word_1_304' title='bbox 826 2737 858 2787; x_wconf 88' lang='lat' dir='ltr'>ob</span> <span class='ocrx_word' id='word_1_305' title='bbox 867 2737 940 2800; x_wconf 78' lang='lat' dir='ltr'>ipsius</span> <span class='ocrx_word' id='word_1_306' title='bbox 953 2740 1044 2789; x_wconf 62' lang='lat' dir='ltr'>oraim</span> 
     </span>
     <span class='ocr_line' id='line_1_40' title="bbox 171 2798 1041 2878; baseline -0.003 -29"><span class='ocrx_word' id='word_1_307' title='bbox 171 2805 210 2865; x_wconf 80' lang='lat' dir='ltr'>nis</span> <span class='ocrx_word' id='word_1_308' title='bbox 219 2804 305 2853; x_wconf 81' lang='lat' dir='ltr'>siarum</span> <span class='ocrx_word' id='word_1_309' title='bbox 316 2805 393 2878; x_wconf 82' lang='lat' dir='ltr'>potuit</span> <span class='ocrx_word' id='word_1_310' title='bbox 409 2818 465 2852; x_wconf 90' lang='lat' dir='ltr'>eum</span> <span class='ocrx_word' id='word_1_311' title='bbox 479 2804 584 2852; x_wconf 80' lang='lat' dir='ltr'>severruu</span> <span class='ocrx_word' id='word_1_312' title='bbox 599 2799 756 2865; x_wconf 80' lang='lat' dir='ltr'>appellavisse.</span> <span class='ocrx_word' id='word_1_313' title='bbox 790 2807 874 2863; x_wconf 82' lang='lat' dir='ltr'>ltaque</span> <span class='ocrx_word' id='word_1_314' title='bbox 884 2798 917 2848; x_wconf 88' lang='lat' dir='ltr'>src</span> <span class='ocrx_word' id='word_1_315' title='bbox 934 2799 1041 2863; x_wconf 59' lang='lat' dir='ltr'>expressi.</span> 
     </span>
     <span class='ocr_line' id='line_1_41' title="bbox 171 2861 1042 2928; baseline 0.002 -16"><span class='ocrx_word' id='word_1_316' title='bbox 171 2869 267 2919; x_wconf 67' lang='lat' dir='ltr'>Gronov.</span> <span class='ocrx_word' id='word_1_317' title='bbox 295 2867 359 2928; x_wconf 78' lang='lat' dir='ltr'>Quid</span> <span class='ocrx_word' id='word_1_318' title='bbox 375 2863 405 2913; x_wconf 89' lang='lat' dir='ltr'>ad</span> <span class='ocrx_word' id='word_1_319' title='bbox 420 2866 481 2916; x_wconf 86' lang='lat' dir='ltr'>hanc</span> <span class='ocrx_word' id='word_1_320' title='bbox 496 2865 613 2917; x_wconf 78' lang='lat' dir='ltr'>Gronovii</span> <span class='ocrx_word' id='word_1_321' title='bbox 630 2865 781 2919; x_wconf 82' lang='lat' dir='ltr'>notationem</span> <span class='ocrx_word' id='word_1_322' title='bbox 796 2861 939 2913; x_wconf 83' lang='lat' dir='ltr'>censoriam</span> <span class='ocrx_word' id='word_1_323' title='bbox 956 2863 1042 2914; x_wconf 83' lang='lat' dir='ltr'>lllustt.</span> 
     </span>
     <span class='ocr_line' id='line_1_42' title="bbox 171 2924 1045 2991; baseline 0 -15"><span class='ocrx_word' id='word_1_324' title='bbox 171 2930 326 2990; x_wconf 78' lang='lat' dir='ltr'>spanhemius</span> <span class='ocrx_word' id='word_1_325' title='bbox 340 2927 483 2991; x_wconf 88' lang='lat' dir='ltr'>responderit</span> <span class='ocrx_word' id='word_1_326' title='bbox 494 2929 520 2976; x_wconf 92' lang='lat' dir='ltr'>in</span> <span class='ocrx_word' id='word_1_327' title='bbox 536 2928 622 2986; x_wconf 88' lang='lat' dir='ltr'>majori</span> <span class='ocrx_word' id='word_1_328' title='bbox 633 2924 751 2983; x_wconf 87' lang='lat' dir='ltr'>editione,</span> <span class='ocrx_word' id='word_1_329' title='bbox 764 2941 820 2979; x_wconf 78' lang='lat' dir='ltr'>ante</span> <span class='ocrx_word' id='word_1_330' title='bbox 836 2926 930 2987; x_wconf 85' lang='lat' dir='ltr'>aliquot</span> <span class='ocrx_word' id='word_1_331' title='bbox 941 2940 1045 2976; x_wconf 82' lang='lat' dir='ltr'>annosa</span> 
     </span>
     <span class='ocr_line' id='line_1_43' title="bbox 172 2985 1041 3055; baseline -0.003 -17"><span class='ocrx_word' id='word_1_332' title='bbox 172 3004 213 3051; x_wconf 80' lang='lat' dir='ltr'>rue</span> <span class='ocrx_word' id='word_1_333' title='bbox 223 3003 358 3055; x_wconf 83' lang='lat' dir='ltr'>procurata,</span> <span class='ocrx_word' id='word_1_334' title='bbox 375 2989 429 3046; x_wconf 82' lang='lat' dir='ltr'>vldc</span> <span class='ocrx_word' id='word_1_335' title='bbox 438 2989 467 3040; x_wconf 85' lang='lat' dir='ltr'>fis</span> <span class='ocrx_word' id='word_1_336' title='bbox 477 2989 539 3055; x_wconf 90' lang='lat' dir='ltr'>apud</span> <span class='ocrx_word' id='word_1_337' title='bbox 549 3005 605 3038; x_wconf 89' lang='lat' dir='ltr'>eum</span> <span class='ocrx_word' id='word_1_338' title='bbox 617 2985 742 3045; x_wconf 52' lang='lat' dir='ltr'>Dissuta„</span> <span class='ocrx_word' id='word_1_339' title='bbox 760 3003 782 3051; x_wconf 92' lang='lat' dir='ltr'>p.</span> <span class='ocrx_word' id='word_1_340' title='bbox 791 2997 828 3046; x_wconf 74' lang='lat'>56.</span> <span class='ocrx_word' id='word_1_341' title='bbox 845 2992 924 3037; x_wconf 87' lang='lat' dir='ltr'>Locus</span> <span class='ocrx_word' id='word_1_342' title='bbox 936 2989 1041 3047; x_wconf 76' lang='lat' dir='ltr'>velleii,</span> 
     </span>
     <span class='ocr_line' id='line_1_44' title="bbox 173 3051 1044 3115; baseline 0 -16"><span class='ocrx_word' id='word_1_343' title='bbox 173 3053 215 3115; x_wconf 80' lang='lat' dir='ltr'>qui</span> <span class='ocrx_word' id='word_1_344' title='bbox 225 3053 299 3102; x_wconf 83' lang='lat' dir='ltr'>erssar</span> <span class='ocrx_word' id='word_1_345' title='bbox 309 3051 349 3100; x_wconf 90' lang='lat' dir='ltr'>lib.</span> <span class='ocrx_word' id='word_1_346' title='bbox 359 3066 390 3101; x_wconf 88' lang='lat' dir='ltr'>vr.</span> <span class='ocrx_word' id='word_1_347' title='bbox 406 3067 457 3115; x_wconf 86' lang='lat' dir='ltr'>cap.</span> <span class='ocrx_word' id='word_1_348' title='bbox 464 3070 502 3112; x_wconf 86' lang='lat'>4³·</span> <span class='ocrx_word' id='word_1_349' title='bbox 521 3055 547 3105; x_wconf 78' lang='grc' dir='ltr'>δι</span> <span class='ocrx_word' id='word_1_350' title='bbox 558 3053 593 3101; x_wconf 91' lang='lat' dir='ltr'>ibi</span> <span class='ocrx_word' id='word_1_351' title='bbox 602 3051 631 3101; x_wconf 92' lang='lat' dir='ltr'>ab</span> <span class='ocrx_word' id='word_1_352' title='bbox 640 3066 670 3100; x_wconf 88' lang='lat' dir='ltr'>eo</span> <span class='ocrx_word' id='word_1_353' title='bbox 685 3051 837 3114; x_wconf 87' lang='lat' dir='ltr'>producitur,</span> <span class='ocrx_word' id='word_1_354' title='bbox 855 3065 916 3112; x_wconf 89' lang='lat' dir='ltr'>pene</span> <span class='ocrx_word' id='word_1_355' title='bbox 931 3065 975 3099; x_wconf 88' lang='lat' dir='ltr'>me</span> <span class='ocrx_word' id='word_1_356' title='bbox 991 3066 1044 3099; x_wconf 89' lang='lat' dir='ltr'>mo·</span> 
     </span>
     <span class='ocr_line' id='line_1_45' title="bbox 174 3110 1044 3225; baseline -0.003 -61"><span class='ocrx_word' id='word_1_357' title='bbox 174 3128 228 3171; x_wconf 80' lang='lat' dir='ltr'>tet,</span> <span class='ocrx_word' id='word_1_358' title='bbox 243 3129 268 3163; x_wconf 89' lang='lat' dir='ltr'>ur</span> <span class='ocrx_word' id='word_1_359' title='bbox 282 3122 343 3162; x_wconf 80' lang='lat' dir='ltr'>Verus</span> <span class='ocrx_word' id='word_1_360' title='bbox 352 3129 521 3187; x_wconf 35' lang='lat' dir='ltr'>reponam&#39;pro</span> <span class='ocrx_word' id='word_1_361' title='bbox 526 3117 626 3175; x_wconf 76' lang='lat' dir='ltr'>severus,</span> <span class='ocrx_word' id='word_1_362' title='bbox 638 3113 719 3225; x_wconf 33' lang='lat' dir='ltr'>&amp;quod</span> <span class='ocrx_word' id='word_1_363' title='bbox 732 3111 750 3168; x_wconf 81' lang='lat' dir='ltr'>fi</span> <span class='ocrx_word' id='word_1_364' title='bbox 761 3112 885 3167; x_wconf 82' lang='lat' dir='ltr'>serendum</span> <span class='ocrx_word' id='word_1_365' title='bbox 895 3110 944 3168; x_wconf 84' lang='lat' dir='ltr'>fit,</span> <span class='ocrx_word' id='word_1_366' title='bbox 962 3114 1044 3224; x_wconf 54' lang='lat' dir='ltr'>leggia·</span> 
     </span>
    </p>

    <p class='ocr_par' dir='ltr' id='par_1_11' title="bbox 982 3191 1044 3232">
     <span class='ocr_line' id='line_1_46' title="bbox 982 3191 1044 3232; baseline 0 0"><span class='ocrx_word' id='word_1_367' title='bbox 982 3191 997 3223; x_wconf 78' lang='lat' dir='ltr'>u</span> <span class='ocrx_word' id='word_1_368' title='bbox 1036 3209 1044 3232; x_wconf 77' lang='lat' dir='ltr'>r</span> 
     </span>
    </p>
   </div>
   <div class='ocr_carea' id='block_1_7' title="bbox 176 3170 945 3241">
    <p class='ocr_par' dir='ltr' id='par_1_12' title="bbox 176 3170 945 3241">
     <span class='ocr_line' id='line_1_47' title="bbox 176 3170 945 3241; baseline -0.001 -17"><span class='ocrx_word' id='word_1_369' title='bbox 176 3170 234 3236; x_wconf 83' lang='lat' dir='ltr'>dum</span> <span class='ocrx_word' id='word_1_370' title='bbox 245 3177 277 3226; x_wconf 85' lang='lat' dir='ltr'>est</span> <span class='ocrx_word' id='word_1_371' title='bbox 287 3193 340 3226; x_wconf 90' lang='lat' dir='ltr'>eum</span> <span class='ocrx_word' id='word_1_372' title='bbox 351 3177 418 3227; x_wconf 83' lang='lat' dir='ltr'>litera</span> <span class='ocrx_word' id='word_1_373' title='bbox 429 3178 558 3236; x_wconf 71' lang='lat' dir='ltr'>maiuscula</span> <span class='ocrx_word' id='word_1_374' title='bbox 571 3213 579 3236; x_wconf 92' lang='lat'>,</span> <span class='ocrx_word' id='word_1_375' title='bbox 594 3190 619 3225; x_wconf 90' lang='lat' dir='ltr'>ut</span> <span class='ocrx_word' id='word_1_376' title='bbox 657 3190 666 3225; x_wconf 93' lang='lat' dir='ltr'>t</span> <span class='ocrx_word' id='word_1_377' title='bbox 683 3190 820 3241; x_wconf 82' lang='lat' dir='ltr'>cognomen</span> <span class='ocrx_word' id='word_1_378' title='bbox 836 3175 945 3235; x_wconf 80' lang='lat' dir='ltr'>Antistii)</span> 
     </span>
    </p>
   </div>
   <div class='ocr_carea' id='block_1_8' title="bbox 172 3191 1048 3556">
    <p class='ocr_par' dir='ltr' id='par_1_13' title="bbox 172 3191 1048 3556">
     <span class='ocr_line' id='line_1_48' title="bbox 172 3191 1047 3303; baseline -0.001 -15"><span class='ocrx_word' id='word_1_379' title='bbox 172 3230 316 3302; x_wconf 78' lang='lat' dir='ltr'>&#39;nescioquo</span> <span class='ocrx_word' id='word_1_380' title='bbox 332 3239 401 3303; x_wconf 74' lang='lat' dir='ltr'>pado</span> <span class='ocrx_word' id='word_1_381' title='bbox 415 3239 571 3295; x_wconf 82' lang='lat' dir='ltr'>duriusculum</span> <span class='ocrx_word' id='word_1_382' title='bbox 585 3238 683 3289; x_wconf 88' lang='lat' dir='ltr'>videtur.</span> <span class='ocrx_word' id='word_1_383' title='bbox 718 3239 792 3289; x_wconf 83' lang='lat' dir='ltr'>Verba</span> <span class='ocrx_word' id='word_1_384' title='bbox 815 3238 901 3296; x_wconf 76' lang='lat' dir='ltr'>velleii</span> <span class='ocrx_word' id='word_1_385' title='bbox 915 3240 949 3287; x_wconf 88' lang='lat' dir='ltr'>ita</span> <span class='ocrx_word' id='word_1_386' title='bbox 963 3191 989 3287; x_wconf 52' lang='lat' dir='ltr'>‘dc</span> <span class='ocrx_word' id='word_1_387' title='bbox 1004 3239 1047 3287; x_wconf 88' lang='lat' dir='ltr'>ha·</span> 
     </span>
     <span class='ocr_line' id='line_1_49' title="bbox 174 3301 1045 3367; baseline -0.001 -18"><span class='ocrx_word' id='word_1_388' title='bbox 174 3301 244 3367; x_wconf 65' lang='lat' dir='ltr'>pent:</span> <span class='ocrx_word' id='word_1_389' title='bbox 261 3310 311 3349; x_wconf 81' lang='lat' dir='ltr'>Cum</span> <span class='ocrx_word' id='word_1_390' title='bbox 322 3301 421 3364; x_wconf 71' lang='lat' dir='ltr'>(Cesar)</span> <span class='ocrx_word' id='word_1_391' title='bbox 436 3303 483 3363; x_wconf 82' lang='lat' dir='ltr'>effer</span> <span class='ocrx_word' id='word_1_392' title='bbox 491 3302 623 3365; x_wconf 65' lang='lat' dir='ltr'>questorsub</span> <span class='ocrx_word' id='word_1_393' title='bbox 633 3307 703 3350; x_wconf 70' lang='lat' dir='ltr'>Vereri</span> <span class='ocrx_word' id='word_1_394' title='bbox 712 3301 828 3362; x_wconf 62' lang='lat' dir='ltr'>Antistio,</span> <span class='ocrx_word' id='word_1_395' title='bbox 838 3318 879 3348; x_wconf 81' lang='lat' dir='ltr'>ava</span> <span class='ocrx_word' id='word_1_396' title='bbox 890 3304 956 3362; x_wconf 76' lang='lat' dir='ltr'>hujus</span> <span class='ocrx_word' id='word_1_397' title='bbox 966 3305 1045 3350; x_wconf 77' lang='lat' dir='ltr'>Veteris</span> 
     </span>
     <span class='ocr_line' id='line_1_50' title="bbox 175 3365 803 3430; baseline 0.006 -19"><span class='ocrx_word' id='word_1_398' title='bbox 175 3365 418 3430; x_wconf 61' lang='lat' dir='ltr'>qtqucousularr&#39;sd&#39;c.</span> <span class='ocrx_word' id='word_1_399' title='bbox 452 3365 564 3429; x_wconf 72' lang='lat' dir='ltr'>Verbutg.</span> <span class='ocrx_word' id='word_1_400' title='bbox 742 3412 763 3419; x_wconf 90' lang='grc'>,,</span> <span class='ocrx_word' id='word_1_401' title='bbox 800 3409 803 3415; x_wconf 96' lang='grc'><em>.</em></span> 
     </span>
     <span class='ocr_line' id='line_1_51' title="bbox 207 3422 1046 3494; baseline 0.005 -20"><span class='ocrx_word' id='word_1_402' title='bbox 207 3445 229 3489; x_wconf 78' lang='lat'>5.</span> <span class='ocrx_word' id='word_1_403' title='bbox 245 3430 313 3489; x_wconf 71' lang='lat' dir='ltr'>Diem</span> <span class='ocrx_word' id='word_1_404' title='bbox 322 3427 408 3490; x_wconf 62' lang='lat' dir='ltr'>dicmur</span> <span class='ocrx_word' id='word_1_405' title='bbox 418 3431 508 3485; x_wconf 75' lang='lat' dir='ltr'>eximere</span> <span class='ocrx_word' id='word_1_406' title='bbox 517 3430 597 3492; x_wconf 73' lang='lat' dir='ltr'>raptu]</span> <span class='ocrx_word' id='word_1_407' title='bbox 607 3429 675 3494; x_wconf 56' lang='lat' dir='ltr'>uos,</span> <span class='ocrx_word' id='word_1_408' title='bbox 685 3439 710 3492; x_wconf 82' lang='lat' dir='ltr'>ur</span> <span class='ocrx_word' id='word_1_409' title='bbox 722 3427 748 3486; x_wconf 86' lang='lat' dir='ltr'>in</span> <span class='ocrx_word' id='word_1_410' title='bbox 758 3422 921 3492; x_wconf 81' lang='lat' dir='ltr'>manuscriptis</span> <span class='ocrx_word' id='word_1_411' title='bbox 931 3424 999 3478; x_wconf 81' lang='lat' dir='ltr'>libris</span> <span class='ocrx_word' id='word_1_412' title='bbox 1009 3428 1046 3482; x_wconf 83' lang='lat' dir='ltr'>iu·</span> 
     </span>
     <span class='ocr_line' id='line_1_52' title="bbox 211 3496 1048 3556; baseline 0.002 -2"><span class='ocrx_word' id='word_1_413' title='bbox 211 3497 216 3504; x_wconf 85' lang='grc'><strong>’</strong></span> <span class='ocrx_word' id='word_1_414' title='bbox 475 3540 480 3547; x_wconf 84' lang='grc'>.</span> <span class='ocrx_word' id='word_1_415' title='bbox 691 3496 694 3500; x_wconf 67' lang='grc'><strong>’</strong></span> <span class='ocrx_word' id='word_1_416' title='bbox 1008 3501 1048 3556; x_wconf 56' lang='lat' dir='ltr'>l?</span> 
     </span>
    </p>
   </div>
   <div class='ocr_carea' id='block_1_9' title="bbox 0 0 1156 3900">
    <p class='ocr_par' dir='ltr' id='par_1_14' title="bbox 0 0 1156 3900">
     <span class='ocr_line' id='line_1_53' title="bbox 0 0 1156 3900; baseline 0 0"><span class='ocrx_word' id='word_1_417' title='bbox 0 0 1156 3900; x_wconf 95' lang='lat' dir='ltr'> </span> 
     </span>
    </p>
   </div>
  </div>
 </body>
</html>
