2296 3900
158 90 1001 218 ueternunltrnrcou.1753¹

62 268 99 311 ro
114 248 245 325 pervulga
260 247 396 308 Hirtium.
433 246 463 307 id
489 246 567 306 enim
589 242 677 320 ipsum
696 252 821 326 putaram
837 279 845 304 ,
865 234 945 313 quod

63 327 179 393 scribier
206 338 261 395 ut,
295 325 359 384 cium
380 324 525 400 ingenium
552 323 636 380 amici
656 318 741 378 nostru
766 316 943 392 probaretur,

67 403 186 472 settene
199 401 375 479 vituperandi
389 402 503 461 Catonis
516 400 681 459 irrideretur.

312 583 572 632 uulsuoua
605 580 705 630 XLVI.

206 747 449 815 CICERO
488 745 747 808 ATTICO
787 742 813 802 S.

126 877 253 963 lucan
274 947 282 973 ‚
303 905 428 978 opinor,
448 903 598 970 animum,
617 900 670 958 a&
687 899 817 957 Lanuvio
832 891 970 972 pergtmb
985 893 1075 956 ΜΛ

139 998 170 1039 m
177 980 374 1042 Tusculanum.
393 994 440 1041 aut
456 981 533 1040 enim
547 979 617 1038 mihi
630 978 659 1035 in
672 988 838 1052 perpetuum
854 972 945 1109 sunio
954 962 978 1008 ³⁸
988 961 1051 1011 ⁴⁶⁸³·

896 1067 906 1108 1
926 1065 946 1109 o

72 1221 131 1257 men
143 1223 246 1261 veterem
257 1212 392 1277 scripturam
405 1212 580 1264 intellexerunt.
607 1207 722 1258 videntur
732 1219 811 1255 aurem
823 1200 945 1265 ferequos

73 1274 99 1320 δι
112 1288 156 1320 nos
166 1277 308 1325 chamberes
319 1280 344 1325 in
356 1278 446 1327 vetusto
462 1276 502 1326 suo
514 1265 643 1338 exemplari
655 1269 781 1336 repperiffe
817 1275 846 1320 In
863 1266 946 1341 nostro

75 1337 210 1398 antiquiore
225 1357 320 1387 ennom
342 1354 412 1397 erat,
432 1340 507 1404 primi
523 1352 617 1388 tantum
634 1333 712 1384 littera
723 1333 896 1398 aliquantulum
906 1346 946 1379 un·

73 1400 188 1462 quinuti:
205 1407 293 1453 ederem
305 1407 370 1453 enim
382 1403 520 1452 arbitramur
531 1403 578 1470 legi
588 1399 679 1449 debere.
697 1401 797 1454 adres&
809 1411 889 1446 autem
900 1394 947 1441 aii·
982 1434 998 1489 Ι

73 1463 127 1523 quis
138 1465 234 1524 alicuius
247 1465 344 1522 dicitur,
360 1467 400 1529 qui
411 1468 435 1514 in
448 1467 534 1515 eodem
546 1480 600 1514 cum
609 1463 654 1512 illo
670 1462 763 1524 templo
775 1461 868 1510 colitur.
902 1461 946 1521 Sy·

73 1523 151 1572 aelius
162 1527 187 1575 in
198 1527 296 1592 epistola
307 1530 410 1592 quadam
422 1529 451 1577 ad
469 1529 617 1578 Nicandrum
633 1526 736 1591 appellat
754 1529 857 1571 Poen'cem
870 1524 945 1570 Phile·

69 1588 149 1648 sophia
169 1594 275 1644 σύυαοι,
297 1592 360 1654 quali
377 1590 588 1642 contubernalem:
620 1602 644 1637 ut
659 1587 707 1654 ipse
722 1587 808 1636 Cicero
825 1586 864 1635 lib.
877 1597 941 1634 rur.

72 1663 130 1696 curn
141 1651 202 1698 hanc
212 1666 297 1700 vocem
309 1655 393 1704 Latine
402 1658 532 1718 exprimere
543 1650 809 1715 vellet,dicit(eandem
822 1653 886 1699 enim
892 1661 944 1697 rem

73 1712 175 1774 trabiat)
191 1717 256 1779 Qid
266 1728 290 1762 tu
300 1720 386 1763 bunede
395 1730 487 1779 pompa,
502 1722 597 1781 Qirini
611 1717 801 1771 conturbernalem,
819 1716 853 1764 bis
867 1712 944 1770 nostris

72 1777 192 1822 moderatis
202 1776 294 1839 epistolis
308 1781 526 1842 iecmurumspms?
544 1782 645 1842 intelligit
655 1784 711 1826 enim
727 1780 831 1838 Ceseerem.
861 1782 945 1841 Quan-

72 1849 128 1885 tum
141 1852 220 1888 autern
236 1839 265 1888 ad
278 1840 412 1898 historiam,
422 1856 472 1906 quae
483 1855 561 1890 rotam
577 1844 638 1890 hanc
653 1857 702 1890 rem
714 1841 814 1906 aperiet,
829 1840 944 1891 traditum

71 1900 108 1949 est
119 1900 189 1950 nobis
199 1907 327 1952 Romanos
339 1902 434 1952 calaris
445 1906 565 1954 diiiaroris
575 1904 705 1967 imaginem
715 1906 740 1952 in
751 1905 843 1967 templo
853 1903 946 1968 Quirini

72 1963 203 2021 dedicasse,
220 1981 271 2029 qua
284 1974 331 2014 Deo
347 1971 427 2015 invidio
442 1967 578 2030 inscriptum
588 1966 700 2014 babebat:
718 1965 784 2030 quod
800 1981 862 2013 nunc
876 1967 947 2016 cies-

73 2043 103 2076 ro
114 2027 213 2077 breviter
222 2032 307 2094 tangit.
326 2030 405 2089 Dion,
421 2032 470 2081 Καὶ
487 2036 542 2079 cies
559 2037 601 2088 μὲν
618 2028 738 2084 dederisne
755 2030 814 2076 duni
826 2030 946 2080 iareim·

76 2110 129 2148 ην,
146 2093 217 2150 leon
233 2095 256 2141 ai
275 2096 313 2141 aar
330 2095 394 2149 uibus
409 2096 456 2142 iras
472 2094 493 2142 ie
510 2091 564 2145 uic
578 2093 732 2150 ἱπποδρομίαις
748 2095 812 2145 uersi
826 2093 869 2141 anie
885 2089 946 2140 bime

75 2156 227 2214 &piraterium
243 2156 385 2205 niuneebee
399 2159 519 2219 iyroecer:
538 2157 608 2204 eiam
623 2158 649 2204 ‘ri
666 2171 717 2203 nere
733 2155 806 2203 imitat
820 2154 843 2202 ie
858 2150 895 2200 nir
911 2155 944 2203 s?

74 2216 145 2266 aoeies
161 2224 227 2273 vair,
253 2218 298 2281 bari
315 2223 411 2280 dremne·
430 2219 597 2282 imppsiqeme
611 2221 651 2265 eei
668 2218 736 2265 danae
752 2217 775 2267 ie
789 2217 816 2265 'ei
833 2218 946 2267 Kairenoi·

76 2293 127 2328 aree
147 2280 209 2340 mpii
228 2284 269 2332 ‘ca'e
289 2281 478 2338 desinon-rar
499 2299 556 2330 aare
572 2281 594 2328 'ee
610 2279 727 2341 ‘eJP‘sieea
748 2279 858 2329 aridum.
891 2284 946 2329 Do·

73 2356 145 2390 mum
158 2355 237 2390 aurem
254 2346 328 2394 Attici
342 2342 426 2394 scimus
440 2341 543 2394 fuissem
556 2342 620 2394 colle
629 2341 763 2404 Quirinali,
780 2348 888 2407 queml.
901 2345 944 2393 vi·

73 2405 130 2454 &or
140 2405 258 2454 constitnit
270 2410 294 2456 in
306 2422 341 2457 er.
359 2407 421 2456 urbis
437 2409 553 2472 regione:
570 2421 624 2455 eam
638 2419 717 2454 autern
734 2405 775 2454 ille
793 2406 872 2455 statim
891 2407 943 2471 post

73 2469 194 2528 templum
205 2470 297 2528 Quirini
307 2471 419 2519 collocat.
452 2473 549 2534 erino
559 2484 603 2532 pro
611 2472 707 2533 Qirini
721 2469 747 2516 in
763 2469 844 2518 nostro
861 2471 944 2520 codice

71 2530 144 2596 culpi
154 2530 318 2594 imprefforum
328 2531 437 2598 seriptum
446 2533 486 2581 est.
506 2535 618 2582 Viaorins.
651 2531 791 2580 Genitivum
801 2530 879 2581 casum
891 2549 950 2598 pro·

73 2595 133 2645 bant
144 2595 183 2643 hic
194 2595 248 2642 alii:
265 2593 302 2644 sed
313 2595 420 2647 dativum
430 2596 518 2644 habent
528 2595 582 2645 libri
593 2595 757 2668 mauulcripti‚
770 2610 842 2658 quem
854 2610 945 2647 vermes

74 2671 170 2708 autores
180 2657 285 2707 tribuunt
295 2658 432 2708 nominibus
446 2659 596 2725 cognationis
614 2661 639 2708 be
655 2656 775 2706 affinitatis
788 2691 795 2714 ,
810 2672 835 2708 ut
851 2659 943 2714 Sallust.

76 2721 118 2771 lib.
127 2737 145 2771 r.
164 2720 423 2776 Historiarum,Liberis
433 2727 479 2784 ejece
486 2725 608 2770 avunculus
619 2736 675 2778 erar,
694 2720 796 2771 deliba.
812 2728 887 2770 Uxori
899 2727 946 2785 ejus

70 2785 209 2845 staterem.
237 2788 306 2833 Hunc
317 2798 395 2834 aurern
406 2789 488 2835 locum
503 2784 535 2835 stc
553 2786 669 2849 explicavi
685 2785 710 2831 in
724 2786 796 2833 Notis
812 2786 843 2836 ad
857 2791 945 2836 Varro·

76 2863 135 2897 uem
146 2847 185 2897 lib.
195 2863 229 2898 rv.
246 2851 284 2895 De
295 2849 386 2911 Lingua
397 2851 501 2901 Latina,
522 2851 588 2897 Cum
603 2848 717 2897 habitaret
730 2849 821 2898 atticus
836 2853 861 2899 in
878 2851 944 2901 colle

75 2911 193 2972 Quirinali
203 2909 266 2958 haud
280 2911 360 2974 procul
376 2912 469 2974 templo
485 2912 588 2966 salutis,
608 2910 744 2970 ibidemque
759 2912 836 2961 Caeiar
849 2913 944 2975 Quirini

74 2973 176 3024 statuam
188 2973 301 3029 haberet,
314 2972 395 3021 festive
405 2973 461 3022 dicit
478 2971 509 3021 se,
518 2973 592 3022 malle
600 2974 668 3021 illum
686 2972 879 3022 contubernalem
896 2972 944 3025 effe

73 3038 168 3098 Quirini
189 3037 262 3097 quim
277 3038 380 3093 Salutis,
396 3050 421 3085 ut
432 3034 517 3084 scilicet
529 3035 560 3084 ob
569 3036 719 3089 tyrannidem
731 3037 808 3098 potius
824 3037 944 3090 occidatur

72 3117 87 3149 a
98 3098 143 3150 suis
154 3100 254 3158 civibus,
270 3099 475 3162 quemadmodum
487 3099 617 3155 Romulus,
634 3098 708 3163 quim
719 3111 766 3145 uta
780 3101 857 3150 sainte
867 3098 942 3150 serve-

73 3176 118 3215 tur.
136 3168 224 3226 Popma,
258 3169 316 3211 Eum
327 3168 416 3212 adram
425 3165 542 3229 Qirr'ne]
570 3161 597 3211 ld
611 3160 661 3218 est,
681 3159 752 3224 Quod
768 3158 842 3227 scripii
858 3163 944 3214 adibus

74 3230 120 3276 tuis
133 3229 234 3289 pretium
245 3224 372 3282 accell'rlse,
389 3227 515 3290 postquam
535 3225 646 3290 migravit
666 3228 691 3275 in
714 3224 824 3274 viciniam
842 3227 943 3279 vestram

75 3289 172 3345 Cesar,
188 3289 289 3338 venitin
301 3302 408 3338 mentem
418 3290 495 3345 mihi,
512 3289 569 3351 quia
584 3301 610 3336 tu
625 3286 654 3336 ad
670 3304 710 3337 me
726 3285 843 3352 scripseras
858 3290 944 3342 caesari

74 3353 205 3415 intemplo
215 3354 306 3414 Quirini
323 3351 426 3416 positam
441 3351 541 3400 statuam
558 3365 613 3400 cum
629 3352 793 3416 inscriptione:
810 3357 877 3402 Duo
894 3359 944 3403 ΙΝ-

74 3418 179 3462 vlCTo
196 3417 237 3478 (ut
253 3415 349 3464 testatur
365 3416 413 3465 Dio
429 3413 469 3464 lib.
481 3429 564 3464 auur.
586 3422 640 3475 θιοῖ
654 3413 768 3476 irretirer)
790 3429 862 3477 atque
880 3418 943 3466 adeo

72 3475 271 3533 contubernalem
280 3495 335 3531 cum
345 3484 400 3530 neo
411 3476 494 3530 nostro
508 3479 584 3540 patrio
599 3479 697 3531 fotium.
730 3477 806 3544 idque
820 3480 900 3534 malo,
916 3480 945 3529 ue

490 3545 594 3599 luere
892 3552 951 3594 euna
997 3532 1105 3669 ’1.ῑῇ
