2296 3900
323 38 405 85 ᾸΜ
476 39 617 61 uiuum
660 39 1092 79 κυίῌὶλυονῧῦιῌῖιυο

208 144 255 219 p·
318 115 474 193 gitatioque
497 113 680 191 3⁶perturbat.
718 98 812 191 neque
837 108 914 181 erlim
938 117 1028 193 lama
1055 117 1137 197 quod

170 176 289 282 ωὲξη
320 206 383 255 turn
396 192 493 261 licuit,
513 192 592 251 nobis
614 211 689 268 nune
709 193 811 251 licebit.
848 211 915 253 nam
937 192 1033 269 aperte
1055 195 1143 278 laetati

290 268 298 283 '
320 290 392 331 mus.
429 268 531 329 deinde
545 270 648 327 habent
660 271 690 329 in
704 287 772 338 ore,
792 287 843 328 nos
856 270 988 346 ingratos.
1026 272 1145 331 nullom

319 350 429 418 licebit,
449 346 527 423 quod
542 359 603 403 tum
619 348 649 405 &
669 346 718 405 tibi
737 346 814 405 licuit
839 348 869 405 &
890 347 994 407 multis.
1022 352 1143 419 Φωνοη

321 430 423 487 arneto
442 426 509 497 ergo
529 424 559 481 ὅ(
582 420 652 480 ἰτέον
674 424 704 480 in
726 420 835 481 castra?
864 423 962 483 millies
985 427 1062 483 mori
1082 444 1148 484 me

320 504 387 562 huic
408 501 557 576 praesertim
581 500 664 558 aetati.
690 501 785 575 itaque
806 517 853 557 me
872 498 932 560 idus
953 502 1042 559 Mart.
1065 514 1127 561 non

319 580 496 638 consolantur
529 577 615 652 qu'arn
648 589 738 634 antea.
784 593 918 651 magnum
950 579 1032 637 enim
1067 597 1148 639 men

321 658 477 716 continent.
516 653 564 712 etii
578 653 760 728 illijuventt.
887 704 891 711 .
978 698 983 709 ,

399 731 510 797 Α”λλοις
525 729 552 785 ἐν
567 731 669 797 ἐσθλοῖς
685 734 732 786 τόν
749 726 775 788 δ’
788 730 953 789 ἀπωθοῦνται
967 730 1065 803 ψόγον.

321 812 393 879 Sed,
414 809 434 867 fi
448 822 479 866 tu
494 808 591 866 inelius
604 808 745 884 quippiam
758 807 862 883 speras,
882 806 960 885 qu‘bd
977 811 1009 867 ὃ(
1023 811 1105 884 plura
1118 829 1134 869 a

321 890 465 948 &interes
480 884 614 952 conliliis;
635 883 729 943 scribas
743 886 778 942 ad
800 904 846 944 me
867 888 952 944 velim
969 928 978 955 ,
998 884 1141 963 simulque

321 967 407 1041 gites,
426 964 493 1040 quid
506 963 646 1037 agendum
660 963 740 1021 nobis
753 960 785 1019 srt
802 969 828 1016 3'7
838 961 917 1038 super
936 962 1084 1038 legatione
1098 983 1148 1023 vo

171 1038 270 1111 'equod
288 1042 477 1118 in⁰equidern
498 1039 526 1096 in
546 1040 586 1096 his
606 1040 674 1097 locis
695 1055 817 1097 moneor
837 1037 853 1097 l
871 1038 987 1115 multis,
1009 1059 1048 1099 ne
1064 1042 1096 1099 in
1110 1041 1135 1099 se

171 1114 222 1161 alii.
261 1150 275 1169 ,ι
321 1118 452 1179 kalendis.
491 1115 619 1175 dicuntur
634 1117 710 1173 enim
725 1113 835 1173 occulte
856 1117 957 1174 milites
977 1115 1016 1174 ad
1038 1134 1137 1174 eam

170 1212 188 1272 p
203 1204 300 1269 compa·
319 1193 510 1269 ncomparati,
532 1196 561 1250 &
576 1192 690 1268 quidem
705 1195 733 1250 in
747 1192 826 1259 istos;
846 1195 896 1272 qui
908 1191 980 1253 mihi
996 1193 1131 1254 videntur

170 1270 216 1320 Μ
227 1269 361 1333 frmi-vis
376 1271 459 1331 tutius
483 1267 570 1346 quarn
590 1271 619 1327 in
634 1269 728 1327 senatu
746 1270 818 1330 fore.

324 1512 327 1517 ,
354 1468 392 1513 36.
409 1456 521 1505 Perturbat
531 1464 665 1519 sugemem]
691 1460 761 1505 Hunc
770 1449 851 1507 loeun'i
861 1448 1016 1523 inquinatum
1027 1450 1079 1510 ell’e

318 1521 434 1573 fateatur?
451 1521 624 1584 castigavimus
635 1521 706 1583 igitur
716 1538 780 1585 neque
785 1525 850 1582 jam:
867 1523 954 1586 partim
963 1475 1109 1581 conjeuurl

318 1584 428 1633 tudinem
438 1584 533 1631 illarum
548 1584 681 1631 litterarum
692 1581 778 1640 secuti,
796 1586 882 1648 partim
897 1589 1048 1651 argumentis
1079 1592 1114 1637 ui

320 1646 384 1702 duddi
396 1682 403 1704 ,
419 1662 521 1711 quorum
532 1662 582 1694 non
592 1660 691 1711 parvum
701 1646 748 1695 hoc
759 1646 803 1705 est,
822 1647 889 1711 quod
900 1664 954 1697 euru
966 1650 1017 1698 hoe
1033 1604 1089 1714 iplo
1101 1654 1125 1700 in
1139 1652 1146 1698 l

319 1711 463 1761 sententiam
474 1708 576 1758 eandem
590 1710 736 1771 explicaret,
756 1711 841 1760 iisdem
855 1710 904 1761 fere
922 1710 999 1761 verbis
1010 1712 1113 1775 inquit:

319 1777 377 1849 ‘le
387 1778 438 1834 jam
448 1776 519 1821 licebit
528 1774 584 1835 quod
595 1773 680 1833 &fieris
688 1774 741 1819 lello
752 1775 829 1830 licuit,
845 1777 889 1826 &a
908 1773 1040 1849 iungenda
1056 1790 1136 1825 autem

319 1847 356 1895 tto
372 1837 405 1886 est
420 1836 471 1901 post
487 1836 582 1885 verbnm
599 1835 756 1900 (perturbem)
774 1838 820 1886 hoc
836 1839 900 1886 enirn
916 1837 1013 1899 initium
1027 1838 1064 1887 est
1081 1837 1147 1889 claui

321 1914 369 1963 qua
380 1902 498 1949 rationem
509 1899 598 1954 reddit,
613 1914 653 1948 eur
662 1900 710 1947 hec
722 1899 744 1949 se
755 1897 840 1964 species
849 1901 1015 1964 cogitatioq'ue
1025 1902 1146 1964 perturbes

319 1965 386 2013 enirn
396 1965 497 2026 legimus
507 1978 561 2011 curn
571 1963 665 2011 vetustis
676 1964 863 2024 exemplaribus,
879 1979 928 2010 non
935 1968 1049 2026 contagio,
1059 2016 1062 2023 ,
1076 1971 1140 2015 cum

318 2026 352 2137 pi,
358 2028 459 2137 binquit,
471 2026 560 2135 gpecies
570 2026 630 2074 milri
640 2025 793 2084 obversatur,
810 2028 836 2076 bt
851 2027 933 2091 cogito
948 2026 1005 2076 fore
1018 2026 1136 2088 bellum,

331 2104 356 2137 ur
374 2104 408 2140 or.
445 2092 470 2136 Vi
477 2094 521 2136 ἀν.

354 2168 391 2206 37·
409 2155 477 2213 Super
487 2156 587 2213 [qratiam
597 2156 695 2211 votiva]
709 2157 789 2212 Quam
803 2166 882 2217 petere
893 2151 1037 2215 cogitabat,
1056 2154 1144 2206 discedi

319 2214 418 2271 eaulial3
441 2214 646 2276 quemadmodum
662 2219 687 2263 &
704 2217 792 2279 petiit,
816 2219 840 2265 δι
855 2215 958 2266 ulusest.
992 2219 1065 2278 quod
1084 2220 1131 2283 ipse

319 2275 449 2339 Philippica
458 2276 573 2340 signifieat
584 2278 620 2324 his
630 2278 718 2327 verbis:
737 2282 791 2341 Qu
808 2297 855 2325 cum
865 2281 941 2328 audire
951 2283 1045 2327 mallem
1057 2288 1128 2348 quaint

319 2356 356 2397 rt,
371 2344 549 2404 babetemqusjut
564 2344 675 2402 legationis
690 2344 800 2398 liberum
822 2360 846 2389 ea
860 2357 928 2389 mente
944 2344 1026 2404 dtfieffi
1044 2378 1053 2401 ‚
1075 2362 1102 2394 at
1134 2375 1136 2383 ι

318 2405 427 2463 Kalendis
438 2405 544 2461 Januarii
549 2423 556 2460 3
574 2406 629 2467 quod
641 2409 730 2452 initium
736 2409 823 2466 senatus
833 2407 917 2468 cogendi
923 2406 974 2465 fore
988 2410 1119 2459 vedebatur.

317 2467 393 2527 aivam
403 2481 483 2516 autem
505 2471 530 2517 bt
539 2468 638 2517 liberam
650 2468 795 2533 legationem
809 2470 871 2518 idem
884 2470 929 2517 eil'e
942 2485 994 2517 non
1006 2470 1146 2533 dubitabir,'

319 2530 396 2596 leget,
412 2531 479 2596 quod
490 2530 600 2597 scripturn
610 2531 688 2597 estep.
698 2542 732 2583 rt.
748 2533 830 2584 lib.rr.
848 2536 917 2590 deu.
933 2531 983 2585 b‘.1.
1001 2539 1031 2588 Ρ.
1043 2538 1137 2589 Mm'
