<?xml version="1.0" encoding="UTF-8"?>
<!DOCTYPE html PUBLIC "-//W3C//DTD XHTML 1.0 Transitional//EN"
    "http://www.w3.org/TR/xhtml1/DTD/xhtml1-transitional.dtd">
<html xmlns="http://www.w3.org/1999/xhtml" xml:lang="en" lang="en">
 <head>
  <title>
</title>
<meta http-equiv="Content-Type" content="text/html;charset=utf-8" />
  <meta name='ocr-system' content='tesseract 3.04.00' />
  <meta name='ocr-capabilities' content='ocr_page ocr_carea ocr_par ocr_line ocrx_word'/>
</head>
<body>
  <div class='ocr_page' id='page_1' title='image "./marcitulliicice04pedigoog_0400.png"; bbox 0 0 2296 3900; ppageno 0'>
   <div class='ocr_carea' id='block_1_1' title="bbox 228 134 1009 247">
    <p class='ocr_par' dir='ltr' id='par_1_1' title="bbox 228 134 1009 247">
     <span class='ocr_line' id='line_1_1' title="bbox 228 134 1009 247; baseline -0.012 -30"><span class='ocrx_word' id='word_1_1' title='bbox 228 145 311 247; x_wconf 80' lang='lat' dir='ltr'><em>r876</em></span> <span class='ocrx_word' id='word_1_2' title='bbox 367 134 531 213; x_wconf 65' lang='lat' dir='ltr'><em>Linon</em></span> <span class='ocrx_word' id='word_1_3' title='bbox 574 140 1009 225; x_wconf 70' lang='lat' dir='ltr'><em>Qunnrusnnarrtus·</em></span> 
     </span>
    </p>
   </div>
   <div class='ocr_carea' id='block_1_2' title="bbox 26 251 1138 2075">
    <p class='ocr_par' dir='ltr' id='par_1_2' title="bbox 226 251 1109 416">
     <span class='ocr_line' id='line_1_2' title="bbox 226 251 1109 339; baseline -0.005 -23"><span class='ocrx_word' id='word_1_4' title='bbox 226 261 349 339; x_wconf 63' lang='lat' dir='ltr'><em>§tenum</em></span> <span class='ocrx_word' id='word_1_5' title='bbox 369 257 400 316; x_wconf 92' lang='lat' dir='ltr'><em>ob</em></span> <span class='ocrx_word' id='word_1_6' title='bbox 417 259 523 334; x_wconf 66' lang='lat' dir='ltr'><em>causeam</em></span> <span class='ocrx_word' id='word_1_7' title='bbox 545 276 659 326; x_wconf 82' lang='lat' dir='ltr'><em>uereor,</em></span> <span class='ocrx_word' id='word_1_8' title='bbox 687 275 719 313; x_wconf 91' lang='lat' dir='ltr'><em>ne</em></span> <span class='ocrx_word' id='word_1_9' title='bbox 741 254 859 329; x_wconf 82' lang='lat' dir='ltr'><em>absentia</em></span> <span class='ocrx_word' id='word_1_10' title='bbox 880 274 942 314; x_wconf 84' lang='lat' dir='ltr'><em>mea</em></span> <span class='ocrx_word' id='word_1_11' title='bbox 962 252 1050 312; x_wconf 84' lang='lat' dir='ltr'><em>levior</em></span> <span class='ocrx_word' id='word_1_12' title='bbox 1064 251 1109 331; x_wconf 76' lang='lat' dir='ltr'><em>&#39;fit</em></span> 
     </span>
     <span class='ocr_line' id='line_1_3' title="bbox 229 330 1107 416; baseline -0.007 -22"><span class='ocrx_word' id='word_1_13' title='bbox 229 338 300 416; x_wconf 78' lang='lat' dir='ltr'><em>apud</em></span> <span class='ocrx_word' id='word_1_14' title='bbox 321 352 354 394; x_wconf 87' lang='lat' dir='ltr'><em>te.</em></span> <span class='ocrx_word' id='word_1_15' title='bbox 392 334 463 413; x_wconf 72' lang='lat' dir='ltr'><em>quid</em></span> <span class='ocrx_word' id='word_1_16' title='bbox 480 333 506 410; x_wconf 80' lang='lat' dir='ltr'><em>fi</em></span> <span class='ocrx_word' id='word_1_17' title='bbox 526 330 627 391; x_wconf 81' lang='lat' dir='ltr'><em>bonitas</em></span> <span class='ocrx_word' id='word_1_18' title='bbox 648 348 697 390; x_wconf 93' lang='lat' dir='ltr'><em>tua</em></span> <span class='ocrx_word' id='word_1_19' title='bbox 728 332 882 408; x_wconf 79' lang='lat' dir='ltr'><em>responderit</em></span> <span class='ocrx_word' id='word_1_20' title='bbox 896 330 1003 409; x_wconf 78' lang='lat' dir='ltr'><em>judicie</em></span> <span class='ocrx_word' id='word_1_21' title='bbox 1025 352 1107 400; x_wconf 88' lang='lat' dir='ltr'><em>meo,</em></span> 
     </span>
    </p>

    <p class='ocr_par' dir='ltr' id='par_1_3' title="bbox 26 404 1138 2075">
     <span class='ocr_line' id='line_1_4' title="bbox 230 404 1138 546; baseline -0.01 -73"><span class='ocrx_word' id='word_1_22' title='bbox 230 414 300 492; x_wconf 76' lang='lat' dir='ltr'><em>quael</em></span> <span class='ocrx_word' id='word_1_23' title='bbox 308 417 410 546; x_wconf 51' lang='lat' dir='ltr'><em>&#39;semler</em></span> <span class='ocrx_word' id='word_1_24' title='bbox 424 411 506 469; x_wconf 88' lang='lat' dir='ltr'><em>habui</em></span> <span class='ocrx_word' id='word_1_25' title='bbox 521 409 552 468; x_wconf 87' lang='lat' dir='ltr'><em>de</em></span> <span class='ocrx_word' id='word_1_26' title='bbox 564 425 589 468; x_wconf 91' lang='lat' dir='ltr'><em>te</em></span> <span class='ocrx_word' id='word_1_27' title='bbox 606 453 614 480; x_wconf 94' lang='lat'><em>,</em></span> <span class='ocrx_word' id='word_1_28' title='bbox 633 408 758 486; x_wconf 76' lang='lat' dir='ltr'><em>gaudebo.</em></span> <span class='ocrx_word' id='word_1_29' title='bbox 800 417 828 467; x_wconf 81' lang='lat' dir='ltr'><em>A</em></span> <span class='ocrx_word' id='word_1_30' title='bbox 853 412 951 482; x_wconf 60' lang='lat' dir='ltr'><em>Celtice</em></span> <span class='ocrx_word' id='word_1_31' title='bbox 968 407 1063 485; x_wconf 91' lang='lat' dir='ltr'><em>petii,</em></span> <span class='ocrx_word' id='word_1_32' title='bbox 1081 424 1110 465; x_wconf 88' lang='lat' dir='ltr'><em>ret</em></span> <span class='ocrx_word' id='word_1_33' title='bbox 1135 404 1138 411; x_wconf 80' lang='lat'>&#39;</span> 
     </span>
     <span class='ocr_line' id='line_1_5' title="bbox 231 484 1110 563; baseline -0.008 -15"><span class='ocrx_word' id='word_1_34' title='bbox 231 497 290 550; x_wconf 86' lang='lat' dir='ltr'><em>Sex.</em></span> <span class='ocrx_word' id='word_1_35' title='bbox 305 489 353 547; x_wconf 86' lang='lat' dir='ltr'><em>Clo</em></span> <span class='ocrx_word' id='word_1_36' title='bbox 373 489 429 546; x_wconf 92' lang='lat' dir='ltr'><em>ium</em></span> <span class='ocrx_word' id='word_1_37' title='bbox 445 487 608 561; x_wconf 78' lang='lat' dir='ltr'><em>restitueret:</em></span> <span class='ocrx_word' id='word_1_38' title='bbox 629 485 778 563; x_wconf 81' lang='lat' dir='ltr'><em>impetravi.</em></span> <span class='ocrx_word' id='word_1_39' title='bbox 808 501 867 542; x_wconf 90' lang='lat' dir='ltr'><em>erat</em></span> <span class='ocrx_word' id='word_1_40' title='bbox 889 484 959 543; x_wconf 89' lang='lat' dir='ltr'><em>mibi</em></span> <span class='ocrx_word' id='word_1_41' title='bbox 978 485 1010 542; x_wconf 89' lang='lat' dir='ltr'><em>in</em></span> <span class='ocrx_word' id='word_1_42' title='bbox 1025 486 1110 542; x_wconf 89' lang='lat' dir='ltr'><em>animo</em></span> 
     </span>
     <span class='ocr_line' id='line_1_6' title="bbox 231 559 1109 639; baseline -0.008 -14"><span class='ocrx_word' id='word_1_43' title='bbox 231 567 388 625; x_wconf 90' lang='lat' dir='ltr'><em>etiamtum</em></span> <span class='ocrx_word' id='word_1_44' title='bbox 412 585 434 620; x_wconf 87' lang='lat' dir='ltr'><em>tc</em></span> <span class='ocrx_word' id='word_1_45' title='bbox 449 565 490 621; x_wconf 90' lang='lat' dir='ltr'><em>uti</em></span> <span class='ocrx_word' id='word_1_46' title='bbox 505 561 619 628; x_wconf 72' lang='lat' dir='ltr'><em>beneficio</em></span> <span class='ocrx_word' id='word_1_47' title='bbox 635 563 706 637; x_wconf 80' lang='lat' dir='ltr'><em>ejus,</em></span> <span class='ocrx_word' id='word_1_48' title='bbox 720 559 746 638; x_wconf 76' lang='lat' dir='ltr'><em>fi</em></span> <span class='ocrx_word' id='word_1_49' title='bbox 758 577 789 620; x_wconf 91' lang='lat' dir='ltr'><em>tu</em></span> <span class='ocrx_word' id='word_1_50' title='bbox 803 560 956 639; x_wconf 79' lang='lat' dir='ltr'><em>eoncefflffes.</em></span> <span class='ocrx_word' id='word_1_51' title='bbox 987 582 1039 639; x_wconf 77' lang='lat' dir='ltr'><em>quo</em></span> <span class='ocrx_word' id='word_1_52' title='bbox 1055 582 1109 618; x_wconf 91' lang='lat' dir='ltr'><em>ma·</em></span> 
     </span>
     <span class='ocr_line' id='line_1_7' title="bbox 231 636 1107 721; baseline -0.006 -20"><span class='ocrx_word' id='word_1_53' title='bbox 231 644 272 721; x_wconf 81' lang='lat' dir='ltr'><em>gis</em></span> <span class='ocrx_word' id='word_1_54' title='bbox 287 641 372 700; x_wconf 85' lang='lat' dir='ltr'><em>laboro</em></span> <span class='ocrx_word' id='word_1_55' title='bbox 388 685 397 711; x_wconf 93' lang='lat'><em>,</em></span> <span class='ocrx_word' id='word_1_56' title='bbox 416 656 447 697; x_wconf 89' lang='lat' dir='ltr'><em>ut</em></span> <span class='ocrx_word' id='word_1_57' title='bbox 462 656 512 697; x_wconf 90' lang='lat' dir='ltr'><em>tua</em></span> <span class='ocrx_word' id='word_1_58' title='bbox 527 639 666 717; x_wconf 87' lang='lat' dir='ltr'><em>voluntate</em></span> <span class='ocrx_word' id='word_1_59' title='bbox 680 639 708 694; x_wconf 87' lang='lat' dir='ltr'><em>id</em></span> <span class='ocrx_word' id='word_1_60' title='bbox 717 653 763 715; x_wconf 90' lang='lat' dir='ltr'><em>per</em></span> <span class='ocrx_word' id='word_1_61' title='bbox 779 659 819 695; x_wconf 88' lang='lat' dir='ltr'><em>me</em></span> <span class='ocrx_word' id='word_1_62' title='bbox 828 640 919 709; x_wconf 80' lang='lat' dir='ltr'><em>faccee</em></span> <span class='ocrx_word' id='word_1_63' title='bbox 939 658 1013 694; x_wconf 86' lang='lat' dir='ltr'><em>nuno</em></span> <span class='ocrx_word' id='word_1_64' title='bbox 1028 636 1107 696; x_wconf 86' lang='lat' dir='ltr'><em>liceat.</em></span> 
     </span>
     <span class='ocr_line' id='line_1_8' title="bbox 26 714 1109 800; baseline -0.01 -19"><span class='ocrx_word' id='word_1_65' title='bbox 26 756 28 760; x_wconf 95' lang='lat'>·</span> <span class='ocrx_word' id='word_1_66' title='bbox 81 737 205 800; x_wconf 55' lang='lat' dir='ltr'><em>karpau</em></span> <span class='ocrx_word' id='word_1_67' title='bbox 252 717 341 795; x_wconf 74' lang='lat' dir='ltr'><em>obest</em></span> <span class='ocrx_word' id='word_1_68' title='bbox 353 716 484 775; x_wconf 87' lang='lat' dir='ltr'><em>duriorem</em></span> <span class='ocrx_word' id='word_1_69' title='bbox 500 732 526 772; x_wconf 91' lang='lat' dir='ltr'><em>te</em></span> <span class='ocrx_word' id='word_1_70' title='bbox 541 719 593 792; x_wconf 81' lang='lat' dir='ltr'><em>ejus</em></span> <span class='ocrx_word' id='word_1_71' title='bbox 607 716 722 789; x_wconf 76' lang='lat' dir='ltr'><em>&#39;‘misera</em></span> <span class='ocrx_word' id='word_1_72' title='bbox 747 733 780 776; x_wconf 68' lang='lat' dir='ltr'><em>er</em></span> <span class='ocrx_word' id='word_1_73' title='bbox 794 714 892 793; x_wconf 74' lang='lat' dir='ltr'><em>afflibie</em></span> <span class='ocrx_word' id='word_1_74' title='bbox 913 717 1034 789; x_wconf 73' lang='lat' dir='ltr'><em>fortem</em></span> <span class='ocrx_word' id='word_1_75' title='bbox 1052 730 1109 792; x_wconf 85' lang='lat' dir='ltr'><em>pre·</em></span> 
     </span>
     <span class='ocr_line' id='line_1_9' title="bbox 82 741 1107 870; baseline -0.005 -18"><span class='ocrx_word' id='word_1_76' title='bbox 82 805 135 852; x_wconf 85' lang='lat' dir='ltr'><em>MS.</em></span> <span class='ocrx_word' id='word_1_77' title='bbox 234 741 300 863; x_wconf 57' lang='lat' dir='ltr'><em>beu</em></span> <span class='ocrx_word' id='word_1_78' title='bbox 321 795 540 868; x_wconf 79' lang='lat' dir='ltr'><em>noneontentlum</em></span> <span class='ocrx_word' id='word_1_79' title='bbox 555 815 595 870; x_wconf 78' lang='lat' dir='ltr'><em>ego</em></span> <span class='ocrx_word' id='word_1_80' title='bbox 619 793 744 867; x_wconf 74' lang='lat' dir='ltr'><em>adoerfics</em></span> <span class='ocrx_word' id='word_1_81' title='bbox 766 807 799 848; x_wconf 90' lang='lat' dir='ltr'><em>te.</em></span> <span class='ocrx_word' id='word_1_82' title='bbox 825 788 1010 870; x_wconf 69' lang='lat' dir='ltr'><em>&#39;quamquam</em></span> <span class='ocrx_word' id='word_1_83' title='bbox 1027 792 1107 848; x_wconf 82' lang='lat' dir='ltr'><em>viltor</em></span> 
     </span>
     <span class='ocr_line' id='line_1_10' title="bbox 235 863 1110 943; baseline -0.008 -12"><span class='ocrx_word' id='word_1_84' title='bbox 235 873 321 931; x_wconf 81' lang='lat' dir='ltr'><em>debere</em></span> <span class='ocrx_word' id='word_1_85' title='bbox 353 871 421 929; x_wconf 88' lang='lat' dir='ltr'><em>tueri</em></span> <span class='ocrx_word' id='word_1_86' title='bbox 442 870 659 929; x_wconf 89' lang='lat' dir='ltr'><em>commentarium</em></span> <span class='ocrx_word' id='word_1_87' title='bbox 682 868 795 941; x_wconf 73' lang='lat' dir='ltr'><em>Calcatis.</em></span> <span class='ocrx_word' id='word_1_88' title='bbox 827 869 876 943; x_wconf 70' lang='lat' dir='ltr'><em>[ed</em></span> <span class='ocrx_word' id='word_1_89' title='bbox 905 868 1054 926; x_wconf 82' lang='lat' dir='ltr'><em>mehercule</em></span> <span class='ocrx_word' id='word_1_90' title='bbox 1068 910 1076 936; x_wconf 97' lang='lat'><em>,</em></span> <span class='ocrx_word' id='word_1_91' title='bbox 1087 863 1110 942; x_wconf 71' lang='lat' dir='ltr'><em>p</em></span> 
     </span>
     <span class='ocr_line' id='line_1_11' title="bbox 234 945 1107 1021; baseline -0.008 -13"><span class='ocrx_word' id='word_1_92' title='bbox 234 949 411 1016; x_wconf 85' lang='lat' dir='ltr'><em>humaniter,</em></span> <span class='ocrx_word' id='word_1_93' title='bbox 438 965 471 1008; x_wconf 79' lang='lat' dir='ltr'><em>to·</em></span> <span class='ocrx_word' id='word_1_94' title='bbox 484 947 635 1021; x_wconf 74' lang='lat' dir='ltr'><em>sapienter,</em></span> <span class='ocrx_word' id='word_1_95' title='bbox 668 963 701 1006; x_wconf 67' lang='grc' dir='ltr'><em>ω’</em></span> <span class='ocrx_word' id='word_1_96' title='bbox 721 945 872 1002; x_wconf 83' lang='lat' dir='ltr'><em>amabiliter</em></span> <span class='ocrx_word' id='word_1_97' title='bbox 895 945 926 1002; x_wconf 88' lang='lat' dir='ltr'><em>in</em></span> <span class='ocrx_word' id='word_1_98' title='bbox 950 966 995 1003; x_wconf 91' lang='lat' dir='ltr'><em>me</em></span> <span class='ocrx_word' id='word_1_99' title='bbox 1009 945 1107 1020; x_wconf 73' lang='lat' dir='ltr'><em>cogitare</em></span> 
     </span>
     <span class='ocr_line' id='line_1_12' title="bbox 236 1021 1104 1100; baseline -0.008 -16"><span class='ocrx_word' id='word_1_100' title='bbox 236 1028 280 1084; x_wconf 88' lang='lat' dir='ltr'><em>vis</em></span> <span class='ocrx_word' id='word_1_101' title='bbox 290 1070 298 1096; x_wconf 89' lang='lat'><em>,</em></span> <span class='ocrx_word' id='word_1_102' title='bbox 310 1023 420 1098; x_wconf 79' lang='lat' dir='ltr'><em>facilem</em></span> <span class='ocrx_word' id='word_1_103' title='bbox 432 1025 543 1100; x_wconf 69' lang='lat' dir='ltr'><em>profeobb</em></span> <span class='ocrx_word' id='word_1_104' title='bbox 560 1041 584 1083; x_wconf 90' lang='lat' dir='ltr'><em>te</em></span> <span class='ocrx_word' id='word_1_105' title='bbox 595 1021 727 1100; x_wconf 84' lang='lat' dir='ltr'><em>prebebis:</em></span> <span class='ocrx_word' id='word_1_106' title='bbox 748 1039 781 1082; x_wconf 68' lang='lat' dir='ltr'><em>tt*</em></span> <span class='ocrx_word' id='word_1_107' title='bbox 799 1021 869 1079; x_wconf 84' lang='lat' dir='ltr'><em>uoles</em></span> <span class='ocrx_word' id='word_1_108' title='bbox 890 1031 966 1080; x_wconf 75' lang='lat'><em>701².</em></span> <span class='ocrx_word' id='word_1_109' title='bbox 981 1021 1104 1089; x_wconf 81' lang='lat' dir='ltr'><em>Clodium,</em></span> 
     </span>
     <span class='ocr_line' id='line_1_13' title="bbox 49 1095 1105 1178; baseline -0.01 -13"><span class='ocrx_word' id='word_1_110' title='bbox 49 1142 51 1147; x_wconf 69' lang='lat'><em>,</em></span> <span class='ocrx_word' id='word_1_111' title='bbox 85 1114 96 1166; x_wconf 88' lang='lat'>1</span> <span class='ocrx_word' id='word_1_112' title='bbox 110 1119 192 1178; x_wconf 71' lang='lat' dir='ltr'><em>optimo</em></span> <span class='ocrx_word' id='word_1_113' title='bbox 207 1103 243 1164; x_wconf 78' lang='lat' dir='ltr'><em>inl</em></span> <span class='ocrx_word' id='word_1_114' title='bbox 252 1115 265 1158; x_wconf 88' lang='lat'><strong><em>7</em></strong></span> <span class='ocrx_word' id='word_1_115' title='bbox 270 1115 278 1144; x_wconf 88' lang='lat'><strong>¹</strong></span> <span class='ocrx_word' id='word_1_116' title='bbox 290 1106 320 1160; x_wconf 88' lang='lat' dir='ltr'><em>in</em></span> <span class='ocrx_word' id='word_1_117' title='bbox 332 1103 428 1178; x_wconf 89' lang='lat' dir='ltr'><em>optimu</em></span> <span class='ocrx_word' id='word_1_118' title='bbox 435 1101 481 1177; x_wconf 78' lang='lat' dir='ltr'><em>spe</em></span> <span class='ocrx_word' id='word_1_119' title='bbox 491 1099 602 1176; x_wconf 84' lang='lat' dir='ltr'><em>puerum</em></span> <span class='ocrx_word' id='word_1_120' title='bbox 618 1095 751 1176; x_wconf 76' lang='lat' dir='ltr'><em>repofttum</em></span> <span class='ocrx_word' id='word_1_121' title='bbox 760 1098 944 1170; x_wconf 77' lang='lat' dir='ltr'><em>,exijlimare‚</em></span> <span class='ocrx_word' id='word_1_122' title='bbox 967 1119 1023 1157; x_wconf 86' lang='lat' dir='ltr'><em>non</em></span> <span class='ocrx_word' id='word_1_123' title='bbox 1037 1115 1061 1155; x_wconf 90' lang='lat' dir='ltr'><em>te</em></span> <span class='ocrx_word' id='word_1_124' title='bbox 1072 1097 1105 1154; x_wconf 88' lang='lat' dir='ltr'><em>in·</em></span> 
     </span>
     <span class='ocr_line' id='line_1_14' title="bbox 80 1172 1105 1257; baseline 0.002 -29"><span class='ocrx_word' id='word_1_125' title='bbox 80 1172 183 1244; x_wconf 71' lang='lat' dir='ltr'><em>spretis.</em></span> <span class='ocrx_word' id='word_1_126' title='bbox 231 1177 438 1257; x_wconf 72' lang='lat' dir='ltr'><em>set’iatumeffe,</em></span> <span class='ocrx_word' id='word_1_127' title='bbox 458 1176 518 1234; x_wconf 67' lang='lat' dir='ltr'><em>crim</em></span> <span class='ocrx_word' id='word_1_128' title='bbox 531 1177 660 1253; x_wconf 84' lang='lat' dir='ltr'><em>potueris,</em></span> <span class='ocrx_word' id='word_1_129' title='bbox 681 1175 775 1231; x_wconf 88' lang='lat' dir='ltr'><em>amicos</em></span> <span class='ocrx_word' id='word_1_130' title='bbox 805 1191 918 1233; x_wconf 89' lang='lat' dir='ltr'><em>aternos.</em></span> <span class='ocrx_word' id='word_1_131' title='bbox 944 1189 1055 1252; x_wconf 87' lang='lat' dir='ltr'><em>patere,</em></span> <span class='ocrx_word' id='word_1_132' title='bbox 1072 1172 1105 1230; x_wconf 85' lang='lat' dir='ltr'><em>ob·</em></span> 
     </span>
     <span class='ocr_line' id='line_1_15' title="bbox 232 1188 1104 1333; baseline -0.008 -20"><span class='ocrx_word' id='word_1_133' title='bbox 232 1260 303 1333; x_wconf 83' lang='lat' dir='ltr'><em>Jetro</em></span> <span class='ocrx_word' id='word_1_134' title='bbox 319 1271 360 1322; x_wconf 91' lang='lat' dir='ltr'><em>te,</em></span> <span class='ocrx_word' id='word_1_135' title='bbox 376 1270 422 1330; x_wconf 88' lang='lat' dir='ltr'><em>pto</em></span> <span class='ocrx_word' id='word_1_136' title='bbox 439 1251 565 1330; x_wconf 85' lang='lat' dir='ltr'><em>republica</em></span> <span class='ocrx_word' id='word_1_137' title='bbox 581 1253 667 1311; x_wconf 83' lang='lat' dir='ltr'><em>videti</em></span> <span class='ocrx_word' id='word_1_138' title='bbox 678 1249 763 1326; x_wconf 69' lang='lat' dir='ltr'><em>geffiffe</em></span> <span class='ocrx_word' id='word_1_139' title='bbox 776 1188 949 1326; x_wconf 69' lang='lat' dir='ltr'><em>lmultatem</em></span> <span class='ocrx_word' id='word_1_140' title='bbox 973 1266 1104 1327; x_wconf 80' lang='lat' dir='ltr'><em>compatre</em></span> 
     </span>
     <span class='ocr_line' id='line_1_16' title="bbox 237 1325 1104 1410; baseline -0.009 -20"><span class='ocrx_word' id='word_1_141' title='bbox 237 1333 300 1410; x_wconf 76' lang='lat' dir='ltr'><em>ejus.</em></span> <span class='ocrx_word' id='word_1_142' title='bbox 330 1348 389 1390; x_wconf 73' lang='lat' dir='ltr'><em>&#39;nou</em></span> <span class='ocrx_word' id='word_1_143' title='bbox 404 1330 579 1406; x_wconf 72' lang='lat' dir='ltr'><em>contempsitis</em></span> <span class='ocrx_word' id='word_1_144' title='bbox 608 1330 677 1387; x_wconf 88' lang='lat' dir='ltr'><em>banc</em></span> <span class='ocrx_word' id='word_1_145' title='bbox 691 1327 838 1401; x_wconf 85' lang='lat' dir='ltr'><em>familiam.</em></span> <span class='ocrx_word' id='word_1_146' title='bbox 881 1328 1023 1402; x_wconf 77' lang='lat' dir='ltr'><em>Honestiits</em></span> <span class='ocrx_word' id='word_1_147' title='bbox 1046 1325 1104 1385; x_wconf 85' lang='lat' dir='ltr'><em>enim</em></span> 
     </span>
     <span class='ocr_line' id='line_1_17' title="bbox 238 1402 1103 1482; baseline -0.007 -17"><span class='ocrx_word' id='word_1_148' title='bbox 238 1427 273 1472; x_wconf 68' lang='lat' dir='ltr'><em>(r</em></span> <span class='ocrx_word' id='word_1_149' title='bbox 286 1407 409 1467; x_wconf 70' lang='lat' dir='ltr'><em>libentiae</em></span> <span class='ocrx_word' id='word_1_150' title='bbox 424 1407 573 1482; x_wconf 83' lang='lat' dir='ltr'><em>deponimus</em></span> <span class='ocrx_word' id='word_1_151' title='bbox 588 1406 741 1464; x_wconf 90' lang='lat' dir='ltr'><em>inimicitias</em></span> <span class='ocrx_word' id='word_1_152' title='bbox 750 1447 759 1473; x_wconf 90' lang='lat'><em>,</em></span> <span class='ocrx_word' id='word_1_153' title='bbox 767 1404 905 1482; x_wconf 83' lang='lat' dir='ltr'><em>reipublice</em></span> <span class='ocrx_word' id='word_1_154' title='bbox 917 1405 1027 1463; x_wconf 87' lang='lat' dir='ltr'><em>nomine</em></span> <span class='ocrx_word' id='word_1_155' title='bbox 1034 1402 1103 1479; x_wconf 74' lang='lat' dir='ltr'><em>[osu-</em></span> 
     </span>
     <span class='ocr_line' id='line_1_18' title="bbox 235 1478 1102 1563; baseline -0.006 -20"><span class='ocrx_word' id='word_1_156' title='bbox 235 1500 314 1562; x_wconf 90' lang='lat' dir='ltr'><em>ptas,</em></span> <span class='ocrx_word' id='word_1_157' title='bbox 334 1484 418 1563; x_wconf 74' lang='lat' dir='ltr'><em>quim</em></span> <span class='ocrx_word' id='word_1_158' title='bbox 434 1485 604 1541; x_wconf 71' lang='lat' dir='ltr'><em>contumacia</em></span> <span class='ocrx_word' id='word_1_159' title='bbox 643 1491 689 1541; x_wconf 88' lang='lat' dir='ltr'><em>Me</em></span> <span class='ocrx_word' id='word_1_160' title='bbox 703 1482 794 1539; x_wconf 83' lang='lat' dir='ltr'><em>deinde</em></span> <span class='ocrx_word' id='word_1_161' title='bbox 803 1478 861 1558; x_wconf 80' lang='lat' dir='ltr'><em>ssne</em></span> <span class='ocrx_word' id='word_1_162' title='bbox 874 1482 913 1539; x_wconf 86' lang='lat' dir='ltr'><em>ad</em></span> <span class='ocrx_word' id='word_1_163' title='bbox 936 1481 1009 1539; x_wconf 86' lang='lat' dir='ltr'><em>hanc</em></span> <span class='ocrx_word' id='word_1_164' title='bbox 1023 1479 1102 1556; x_wconf 85' lang='lat' dir='ltr'><em>opinio·</em></span> 
     </span>
     <span class='ocr_line' id='line_1_19' title="bbox 241 1555 1100 1638; baseline -0.008 -19"><span class='ocrx_word' id='word_1_165' title='bbox 241 1582 301 1619; x_wconf 90' lang='lat' dir='ltr'><em>nem</em></span> <span class='ocrx_word' id='word_1_166' title='bbox 322 1563 384 1638; x_wconf 83' lang='lat' dir='ltr'><em>jam</em></span> <span class='ocrx_word' id='word_1_167' title='bbox 414 1579 482 1616; x_wconf 91' lang='lat' dir='ltr'><em>nunc</em></span> <span class='ocrx_word' id='word_1_168' title='bbox 504 1560 611 1636; x_wconf 81' lang='lat' dir='ltr'><em>dirigere</em></span> <span class='ocrx_word' id='word_1_169' title='bbox 629 1573 739 1634; x_wconf 89' lang='lat' dir='ltr'><em>puerum</em></span> <span class='ocrx_word' id='word_1_170' title='bbox 755 1601 764 1624; x_wconf 92' lang='lat'><em>,</em></span> <span class='ocrx_word' id='word_1_171' title='bbox 782 1577 815 1620; x_wconf 73' lang='lat' dir='ltr'><em>tr</em></span> <span class='ocrx_word' id='word_1_172' title='bbox 834 1575 922 1616; x_wconf 87' lang='lat' dir='ltr'><em>tenero</em></span> <span class='ocrx_word' id='word_1_173' title='bbox 954 1559 1043 1616; x_wconf 86' lang='lat' dir='ltr'><em>animo</em></span> <span class='ocrx_word' id='word_1_174' title='bbox 1059 1555 1100 1630; x_wconf 63' lang='lat' dir='ltr'><em>ius</em></span> 
     </span>
     <span class='ocr_line' id='line_1_20' title="bbox 236 1634 1100 1714; baseline -0.007 -19"><span class='ocrx_word' id='word_1_175' title='bbox 236 1637 405 1714; x_wconf 76' lang='lat' dir='ltr'><em>persuadere,</em></span> <span class='ocrx_word' id='word_1_176' title='bbox 425 1656 477 1694; x_wconf 86' lang='lat' dir='ltr'><em>non</em></span> <span class='ocrx_word' id='word_1_177' title='bbox 489 1634 532 1710; x_wconf 76' lang='lat' dir='ltr'><em>effe</em></span> <span class='ocrx_word' id='word_1_178' title='bbox 547 1637 690 1695; x_wconf 85' lang='lat' dir='ltr'><em>tradendas</em></span> <span class='ocrx_word' id='word_1_179' title='bbox 702 1634 803 1711; x_wconf 72' lang='lat' dir='ltr'><em>posteris</em></span> <span class='ocrx_word' id='word_1_180' title='bbox 816 1634 985 1693; x_wconf 79' lang='lat' dir='ltr'><em>inimicitias.</em></span> <span class='ocrx_word' id='word_1_181' title='bbox 1024 1652 1100 1712; x_wconf 80' lang='lat' dir='ltr'><em>quam·</em></span> 
     </span>
     <span class='ocr_line' id='line_1_21' title="bbox 77 1706 1101 1794; baseline -0.003 -25"><span class='ocrx_word' id='word_1_182' title='bbox 77 1730 326 1794; x_wconf 45' lang='lat' dir='ltr'><em>,hocnunquam</em></span> <span class='ocrx_word' id='word_1_183' title='bbox 350 1714 577 1784; x_wconf 80' lang='lat' dir='ltr'><em>tecamfhrtunam</em></span> <span class='ocrx_word' id='word_1_184' title='bbox 589 1755 598 1782; x_wconf 93' lang='lat'><em>,</em></span> <span class='ocrx_word' id='word_1_185' title='bbox 618 1713 724 1781; x_wconf 88' lang='lat' dir='ltr'><em>Cicero,</em></span> <span class='ocrx_word' id='word_1_186' title='bbox 757 1711 790 1768; x_wconf 87' lang='lat' dir='ltr'><em>ab</em></span> <span class='ocrx_word' id='word_1_187' title='bbox 806 1711 879 1769; x_wconf 88' lang='lat' dir='ltr'><em>omni</em></span> <span class='ocrx_word' id='word_1_188' title='bbox 906 1711 1023 1786; x_wconf 86' lang='lat' dir='ltr'><em>periculo</em></span> <span class='ocrx_word' id='word_1_189' title='bbox 1044 1706 1101 1783; x_wconf 65' lang='lat' dir='ltr'><em>obeb</em></span> 
     </span>
     <span class='ocr_line' id='line_1_22' title="bbox 242 1787 1100 1865; baseline -0.007 -17"><span class='ocrx_word' id='word_1_190' title='bbox 242 1809 343 1849; x_wconf 89' lang='lat' dir='ltr'><em>certum</em></span> <span class='ocrx_word' id='word_1_191' title='bbox 357 1789 457 1848; x_wconf 81' lang='lat' dir='ltr'><em>babeo.-</em></span> <span class='ocrx_word' id='word_1_192' title='bbox 478 1805 568 1848; x_wconf 89' lang='lat' dir='ltr'><em>tamen</em></span> <span class='ocrx_word' id='word_1_193' title='bbox 587 1788 703 1847; x_wconf 80' lang='lat' dir='ltr'><em>arbitror</em></span> <span class='ocrx_word' id='word_1_194' title='bbox 718 1787 795 1846; x_wconf 87' lang='lat' dir='ltr'><em>malle</em></span> <span class='ocrx_word' id='word_1_195' title='bbox 816 1803 841 1844; x_wconf 88' lang='lat' dir='ltr'><em>te</em></span> <span class='ocrx_word' id='word_1_196' title='bbox 863 1789 989 1865; x_wconf 83' lang='lat' dir='ltr'><em>quietam</em></span> <span class='ocrx_word' id='word_1_197' title='bbox 1002 1788 1100 1862; x_wconf 69' lang='lat' dir='ltr'><em>semein</em></span> 
     </span>
     <span class='ocr_line' id='line_1_23' title="bbox 192 1862 1101 1944; baseline -0.009 -18"><span class='ocrx_word' id='word_1_198' title='bbox 192 1887 195 1890; x_wconf 69' lang='grc'><strong><em>’</em></strong></span> <span class='ocrx_word' id='word_1_199' title='bbox 242 1883 297 1926; x_wconf 90' lang='lat' dir='ltr'><em>tem</em></span> <span class='ocrx_word' id='word_1_200' title='bbox 329 1887 362 1930; x_wconf 71' lang='lat' dir='ltr'><em>en</em></span> <span class='ocrx_word' id='word_1_201' title='bbox 381 1865 551 1944; x_wconf 71' lang='lat' dir='ltr'><em>honorificam</em></span> <span class='ocrx_word' id='word_1_202' title='bbox 572 1865 661 1944; x_wconf 74' lang='lat' dir='ltr'><em>potius</em></span> <span class='ocrx_word' id='word_1_203' title='bbox 683 1886 754 1940; x_wconf 84' lang='lat' dir='ltr'><em>agere</em></span> <span class='ocrx_word' id='word_1_204' title='bbox 772 1862 857 1941; x_wconf 70' lang='lat' dir='ltr'><em>quim</em></span> <span class='ocrx_word' id='word_1_205' title='bbox 872 1863 1032 1941; x_wconf 80' lang='lat' dir='ltr'><em>sollicitam.</em></span> <span class='ocrx_word' id='word_1_206' title='bbox 1066 1871 1101 1920; x_wconf 75' lang='lat' dir='ltr'><em>Pr·</em></span> 
     </span>
     <span class='ocr_line' id='line_1_24' title="bbox 242 1940 1103 2029; baseline -0.007 -25"><span class='ocrx_word' id='word_1_207' title='bbox 242 1943 334 2012; x_wconf 71' lang='lat' dir='ltr'><em>bromo</em></span> <span class='ocrx_word' id='word_1_208' title='bbox 348 1965 402 2004; x_wconf 89' lang='lat' dir='ltr'><em>meo</em></span> <span class='ocrx_word' id='word_1_209' title='bbox 416 1945 478 2020; x_wconf 84' lang='lat' dir='ltr'><em>jure</em></span> <span class='ocrx_word' id='word_1_210' title='bbox 499 1943 584 2003; x_wconf 88' lang='lat' dir='ltr'><em>tehoc</em></span> <span class='ocrx_word' id='word_1_211' title='bbox 607 1941 753 2017; x_wconf 73' lang='lat' dir='ltr'><em>benificium</em></span> <span class='ocrx_word' id='word_1_212' title='bbox 776 1960 842 2018; x_wconf 85' lang='lat' dir='ltr'><em>rogo.</em></span> <span class='ocrx_word' id='word_1_213' title='bbox 881 1940 954 1998; x_wconf 86' lang='lat' dir='ltr'><em>nibil</em></span> <span class='ocrx_word' id='word_1_214' title='bbox 975 1940 1047 1999; x_wconf 87' lang='lat' dir='ltr'><em>enim</em></span> <span class='ocrx_word' id='word_1_215' title='bbox 1065 1956 1103 2029; x_wconf 58' lang='lat' dir='ltr'><em>”ff</em></span> 
     </span>
     <span class='ocr_line' id='line_1_25' title="bbox 1004 2031 1104 2075; baseline -0.02 0"><span class='ocrx_word' id='word_1_216' title='bbox 1004 2058 1011 2075; x_wconf 92' lang='lat'><em>.·</em></span> <span class='ocrx_word' id='word_1_217' title='bbox 1069 2031 1104 2073; x_wconf 72' lang='lat' dir='ltr'><em>m</em></span> 
     </span>
    </p>
   </div>
   <div class='ocr_carea' id='block_1_3' title="bbox 1144 316 1150 894">
    <p class='ocr_par' dir='ltr' id='par_1_4' title="bbox 1144 316 1150 894">
     <span class='ocr_line' id='line_1_26' title="bbox 1144 316 1150 894; baseline 0 0"><span class='ocrx_word' id='word_1_218' title='bbox 1144 316 1150 894; x_wconf 95' lang='lat' dir='ltr'><em> </em></span> 
     </span>
    </p>
   </div>
   <div class='ocr_carea' id='block_1_4' title="bbox 237 2215 1132 3420">
    <p class='ocr_par' dir='ltr' id='par_1_5' title="bbox 242 2215 1125 2412">
     <span class='ocr_line' id='line_1_27' title="bbox 242 2215 1125 2287; baseline 0.003 -18"><span class='ocrx_word' id='word_1_219' title='bbox 242 2221 355 2271; x_wconf 84' lang='lat' dir='ltr'><em>Similiter</em></span> <span class='ocrx_word' id='word_1_220' title='bbox 365 2225 459 2283; x_wconf 78' lang='lat' dir='ltr'><em>Impense</em></span> <span class='ocrx_word' id='word_1_221' title='bbox 470 2223 536 2270; x_wconf 75' lang='lat' dir='ltr'><em>iibido</em></span> <span class='ocrx_word' id='word_1_222' title='bbox 548 2221 581 2272; x_wconf 83' lang='lat' dir='ltr'><em>est</em></span> <span class='ocrx_word' id='word_1_223' title='bbox 592 2221 720 2271; x_wconf 84' lang='lat' dir='ltr'><em>vehemens</em></span> <span class='ocrx_word' id='word_1_224' title='bbox 732 2223 757 2272; x_wconf 72' lang='lat' dir='ltr'><em>bt</em></span> <span class='ocrx_word' id='word_1_225' title='bbox 774 2220 937 2272; x_wconf 81' lang='lat' dir='ltr'><em>immoderata</em></span> <span class='ocrx_word' id='word_1_226' title='bbox 949 2257 957 2279; x_wconf 90' lang='lat'><em>,</em></span> <span class='ocrx_word' id='word_1_227' title='bbox 979 2223 1042 2272; x_wconf 88' lang='lat' dir='ltr'><em>nihil</em></span> <span class='ocrx_word' id='word_1_228' title='bbox 1056 2215 1105 2287; x_wconf 77' lang='lat' dir='ltr'><em>prol</em></span> <span class='ocrx_word' id='word_1_229' title='bbox 1122 2248 1125 2259; x_wconf 92' lang='lat'>·</span> 
     </span>
     <span class='ocr_line' id='line_1_28' title="bbox 243 2278 1106 2348; baseline 0.009 -19"><span class='ocrx_word' id='word_1_230' title='bbox 243 2282 350 2340; x_wconf 86' lang='lat' dir='ltr'><em>habens,</em></span> <span class='ocrx_word' id='word_1_231' title='bbox 368 2290 459 2335; x_wconf 81' lang='lat' dir='ltr'><em>Lucrtt.</em></span> <span class='ocrx_word' id='word_1_232' title='bbox 473 2284 512 2335; x_wconf 91' lang='lat' dir='ltr'><em>lib.</em></span> <span class='ocrx_word' id='word_1_233' title='bbox 520 2301 541 2334; x_wconf 90' lang='lat' dir='ltr'><em>v.</em></span> <span class='ocrx_word' id='word_1_234' title='bbox 560 2289 655 2347; x_wconf 80' lang='lat' dir='ltr'><em>Impense</em></span> <span class='ocrx_word' id='word_1_235' title='bbox 663 2300 732 2347; x_wconf 69' lang='lat' dir='ltr'><em>preces</em></span> <span class='ocrx_word' id='word_1_236' title='bbox 749 2287 880 2348; x_wconf 80' lang='lat' dir='ltr'><em>pertinaces</em></span> <span class='ocrx_word' id='word_1_237' title='bbox 902 2290 930 2337; x_wconf 85' lang='lat'>&amp;</span> <span class='ocrx_word' id='word_1_238' title='bbox 946 2287 1074 2343; x_wconf 78' lang='lat' dir='ltr'><em>instantes,</em></span> <span class='ocrx_word' id='word_1_239' title='bbox 1085 2278 1106 2330; x_wconf 77' lang='lat' dir='ltr'><em>fi·</em></span> 
     </span>
     <span class='ocr_line' id='line_1_29' title="bbox 244 2345 753 2412; baseline 0.01 -20"><span class='ocrx_word' id='word_1_240' title='bbox 244 2345 403 2410; x_wconf 74' lang='lat' dir='ltr'><em>nerespebbu3</em></span> <span class='ocrx_word' id='word_1_241' title='bbox 420 2353 514 2396; x_wconf 77' lang='lat' dir='ltr'><em>Soteron.</em></span> <span class='ocrx_word' id='word_1_242' title='bbox 532 2348 634 2397; x_wconf 85' lang='lat' dir='ltr'><em>Tiberio.</em></span> <span class='ocrx_word' id='word_1_243' title='bbox 668 2354 753 2412; x_wconf 80' lang='lat' dir='ltr'><em>Prpma.</em></span> 
     </span>
    </p>

    <p class='ocr_par' dir='ltr' id='par_1_6' title="bbox 239 2409 1132 3023">
     <span class='ocr_line' id='line_1_30' title="bbox 274 2409 1107 2476; baseline 0.01 -21"><span class='ocrx_word' id='word_1_244' title='bbox 274 2417 311 2462; x_wconf 90' lang='lat'><em>69.</em></span> <span class='ocrx_word' id='word_1_245' title='bbox 328 2413 439 2476; x_wconf 78' lang='lat' dir='ltr'><em>Qemob</em></span> <span class='ocrx_word' id='word_1_246' title='bbox 454 2413 539 2475; x_wconf 62' lang='lat' dir='ltr'><em>causeam</em></span> <span class='ocrx_word' id='word_1_247' title='bbox 556 2430 645 2468; x_wconf 81' lang='lat' dir='ltr'><em>vereor,</em></span> <span class='ocrx_word' id='word_1_248' title='bbox 667 2430 691 2459; x_wconf 88' lang='lat' dir='ltr'><em>ne</em></span> <span class='ocrx_word' id='word_1_249' title='bbox 703 2413 796 2472; x_wconf 82' lang='lat' dir='ltr'><em>absentia</em></span> <span class='ocrx_word' id='word_1_250' title='bbox 812 2428 860 2459; x_wconf 87' lang='lat' dir='ltr'><em>mea</em></span> <span class='ocrx_word' id='word_1_251' title='bbox 875 2413 950 2460; x_wconf 87' lang='lat' dir='ltr'><em>levior</em></span> <span class='ocrx_word' id='word_1_252' title='bbox 962 2414 995 2473; x_wconf 86' lang='lat' dir='ltr'><em>fit</em></span> <span class='ocrx_word' id='word_1_253' title='bbox 1011 2412 1066 2476; x_wconf 76' lang='lat' dir='ltr'><em>apul</em></span> <span class='ocrx_word' id='word_1_254' title='bbox 1079 2409 1107 2463; x_wconf 60' lang='lat'><em>¹⁴]</em></span> 
     </span>
     <span class='ocr_line' id='line_1_31' title="bbox 239 2466 1108 2542; baseline 0.006 -22"><span class='ocrx_word' id='word_1_255' title='bbox 239 2466 277 2520; x_wconf 76' lang='lat' dir='ltr'><em>sic</em></span> <span class='ocrx_word' id='word_1_256' title='bbox 294 2472 381 2523; x_wconf 85' lang='lat' dir='ltr'><em>habent</em></span> <span class='ocrx_word' id='word_1_257' title='bbox 397 2490 482 2523; x_wconf 87' lang='lat' dir='ltr'><em>omnes</em></span> <span class='ocrx_word' id='word_1_258' title='bbox 498 2473 550 2522; x_wconf 85' lang='lat' dir='ltr'><em>libri</em></span> <span class='ocrx_word' id='word_1_259' title='bbox 566 2487 673 2529; x_wconf 84' lang='lat' dir='ltr'><em>veteres,</em></span> <span class='ocrx_word' id='word_1_260' title='bbox 690 2490 750 2538; x_wconf 88' lang='lat' dir='ltr'><em>quos</em></span> <span class='ocrx_word' id='word_1_261' title='bbox 762 2472 828 2529; x_wconf 85' lang='lat' dir='ltr'><em>vidi,</em></span> <span class='ocrx_word' id='word_1_262' title='bbox 849 2477 889 2530; x_wconf 81' lang='lat' dir='ltr'><em>br,</em></span> <span class='ocrx_word' id='word_1_263' title='bbox 903 2489 930 2526; x_wconf 89' lang='lat' dir='ltr'><em>ut</em></span> <span class='ocrx_word' id='word_1_264' title='bbox 942 2479 1046 2542; x_wconf 80' lang='lat' dir='ltr'><em>opinor,</em></span> <span class='ocrx_word' id='word_1_265' title='bbox 1061 2482 1108 2536; x_wconf 66' lang='lat' dir='ltr'><em>qw</em></span> 
     </span>
     <span class='ocr_line' id='line_1_32' title="bbox 240 2536 1110 2601; baseline -0.001 -17"><span class='ocrx_word' id='word_1_266' title='bbox 240 2549 294 2584; x_wconf 84' lang='lat' dir='ltr'><em>non</em></span> <span class='ocrx_word' id='word_1_267' title='bbox 303 2536 359 2587; x_wconf 78' lang='lat' dir='ltr'><em>vidi.</em></span> <span class='ocrx_word' id='word_1_268' title='bbox 367 2541 416 2587; x_wconf 83' lang='lat' dir='ltr'><em>Etr.</em></span> <span class='ocrx_word' id='word_1_269' title='bbox 429 2536 557 2601; x_wconf 82' lang='lat' dir='ltr'><em>stephanus</em></span> <span class='ocrx_word' id='word_1_270' title='bbox 569 2551 650 2587; x_wconf 78' lang='lat' dir='ltr'><em>tenren</em></span> <span class='ocrx_word' id='word_1_271' title='bbox 662 2538 784 2586; x_wconf 83' lang='lat' dir='ltr'><em>arbitratur</em></span> <span class='ocrx_word' id='word_1_272' title='bbox 795 2536 925 2600; x_wconf 85' lang='lat' dir='ltr'><em>legendum</em></span> <span class='ocrx_word' id='word_1_273' title='bbox 939 2573 947 2596; x_wconf 91' lang='lat'><em>,</em></span> <span class='ocrx_word' id='word_1_274' title='bbox 963 2559 1008 2587; x_wconf 79' lang='lat' dir='ltr'><em>non</em></span> <span class='ocrx_word' id='word_1_275' title='bbox 1016 2548 1110 2587; x_wconf 73' lang='lat' dir='ltr'><em>enarro</em></span> 
     </span>
     <span class='ocr_line' id='line_1_33' title="bbox 240 2599 1109 2665; baseline 0.002 -21"><span class='ocrx_word' id='word_1_276' title='bbox 240 2599 284 2658; x_wconf 79' lang='lat' dir='ltr'><em>ebs.</em></span> <span class='ocrx_word' id='word_1_277' title='bbox 295 2601 352 2662; x_wconf 84' lang='lat' dir='ltr'><em>quia</em></span> <span class='ocrx_word' id='word_1_278' title='bbox 363 2600 448 2649; x_wconf 85' lang='lat' dir='ltr'><em>scilicet</em></span> <span class='ocrx_word' id='word_1_279' title='bbox 460 2601 562 2663; x_wconf 84' lang='lat' dir='ltr'><em>negotiis</em></span> <span class='ocrx_word' id='word_1_280' title='bbox 575 2604 599 2649; x_wconf 77' lang='grc' dir='ltr'><em>δι</em></span> <span class='ocrx_word' id='word_1_281' title='bbox 615 2600 807 2665; x_wconf 79' lang='lat' dir='ltr'><em>occupationibus</em></span> <span class='ocrx_word' id='word_1_282' title='bbox 823 2601 953 2663; x_wconf 88' lang='lat' dir='ltr'><em>impeditus</em></span> <span class='ocrx_word' id='word_1_283' title='bbox 970 2602 1018 2659; x_wconf 88' lang='lat' dir='ltr'><em>iit,</em></span> <span class='ocrx_word' id='word_1_284' title='bbox 1039 2616 1068 2650; x_wconf 86' lang='lat' dir='ltr'><em>ne</em></span> <span class='ocrx_word' id='word_1_285' title='bbox 1079 2609 1109 2646; x_wconf 81' lang='lat' dir='ltr'><em>oo·</em></span> 
     </span>
     <span class='ocr_line' id='line_1_34' title="bbox 240 2662 1130 2775; baseline 0.002 -67"><span class='ocrx_word' id='word_1_286' title='bbox 240 2674 293 2708; x_wconf 78' lang='lat' dir='ltr'><em>ram</em></span> <span class='ocrx_word' id='word_1_287' title='bbox 308 2677 441 2726; x_wconf 81' lang='lat' dir='ltr'><em>ogerecum</em></span> <span class='ocrx_word' id='word_1_288' title='bbox 454 2668 569 2711; x_wconf 81' lang='lat' dir='ltr'><em>Cicerone</em></span> <span class='ocrx_word' id='word_1_289' title='bbox 580 2662 671 2726; x_wconf 75' lang='lat' dir='ltr'><em>pollet,</em></span> <span class='ocrx_word' id='word_1_290' title='bbox 689 2664 759 2775; x_wconf 49' lang='lat' dir='ltr'><em>&amp;gea</em></span> <span class='ocrx_word' id='word_1_291' title='bbox 773 2664 926 2714; x_wconf 68' lang='lat' dir='ltr'><em>excusandus.</em></span> <span class='ocrx_word' id='word_1_292' title='bbox 968 2665 1010 2715; x_wconf 88' lang='lat' dir='ltr'><em>sed</em></span> <span class='ocrx_word' id='word_1_293' title='bbox 1027 2680 1072 2729; x_wconf 81' lang='lat' dir='ltr'><em>ego</em></span> <span class='ocrx_word' id='word_1_294' title='bbox 1084 2673 1130 2721; x_wconf 63' lang='lat' dir='ltr'><em>rb,</em></span> 
     </span>
     <span class='ocr_line' id='line_1_35' title="bbox 240 2721 1132 2786; baseline 0.006 -15"><span class='ocrx_word' id='word_1_295' title='bbox 240 2721 391 2786; x_wconf 84' lang='lat' dir='ltr'><em>sponderim,</em></span> <span class='ocrx_word' id='word_1_296' title='bbox 408 2728 542 2774; x_wconf 83' lang='lat' dir='ltr'><em>Antonium</em></span> <span class='ocrx_word' id='word_1_297' title='bbox 553 2728 626 2774; x_wconf 86' lang='lat' dir='ltr'><em>vereri</em></span> <span class='ocrx_word' id='word_1_298' title='bbox 639 2762 646 2783; x_wconf 93' lang='lat'><em>,</em></span> <span class='ocrx_word' id='word_1_299' title='bbox 661 2741 691 2774; x_wconf 89' lang='lat' dir='ltr'><em>ne</em></span> <span class='ocrx_word' id='word_1_300' title='bbox 732 2740 745 2773; x_wconf 83' lang='lat' dir='ltr'><em>a</em></span> <span class='ocrx_word' id='word_1_301' title='bbox 761 2723 864 2775; x_wconf 86' lang='lat' dir='ltr'><em>absentia</em></span> <span class='ocrx_word' id='word_1_302' title='bbox 881 2729 965 2777; x_wconf 87' lang='lat' dir='ltr'><em>miuus</em></span> <span class='ocrx_word' id='word_1_303' title='bbox 977 2724 1132 2779; x_wconf 63' lang='lat' dir='ltr'><em>aouonrnbt</em></span> 
     </span>
     <span class='ocr_line' id='line_1_36' title="bbox 241 2781 1111 2854; baseline 0.009 -21"><span class='ocrx_word' id='word_1_304' title='bbox 241 2781 329 2836; x_wconf 85' lang='lat' dir='ltr'><em>lrabeat</em></span> <span class='ocrx_word' id='word_1_305' title='bbox 339 2788 400 2852; x_wconf 87' lang='lat' dir='ltr'><em>apud</em></span> <span class='ocrx_word' id='word_1_306' title='bbox 416 2790 576 2845; x_wconf 83' lang='lat' dir='ltr'><em>Ciceronem,</em></span> <span class='ocrx_word' id='word_1_307' title='bbox 595 2790 651 2852; x_wconf 83' lang='lat' dir='ltr'><em>quia</em></span> <span class='ocrx_word' id='word_1_308' title='bbox 666 2803 720 2837; x_wconf 88' lang='lat' dir='ltr'><em>cum</em></span> <span class='ocrx_word' id='word_1_309' title='bbox 735 2788 853 2837; x_wconf 79' lang='lat' dir='ltr'><em>Cicerone</em></span> <span class='ocrx_word' id='word_1_310' title='bbox 873 2805 960 2841; x_wconf 83' lang='lat' dir='ltr'><em>coram</em></span> <span class='ocrx_word' id='word_1_311' title='bbox 982 2808 1035 2842; x_wconf 84' lang='lat' dir='ltr'><em>non</em></span> <span class='ocrx_word' id='word_1_312' title='bbox 1056 2803 1111 2854; x_wconf 67' lang='lat' dir='ltr'><em>egit.</em></span> 
     </span>
     <span class='ocr_line' id='line_1_37' title="bbox 240 2846 1110 2917; baseline 0.003 -19"><span class='ocrx_word' id='word_1_313' title='bbox 240 2846 291 2907; x_wconf 69' lang='lat' dir='ltr'><em>stri,</em></span> <span class='ocrx_word' id='word_1_314' title='bbox 296 2866 337 2915; x_wconf 87' lang='lat' dir='ltr'><em>per</em></span> <span class='ocrx_word' id='word_1_315' title='bbox 347 2851 451 2905; x_wconf 82' lang='lat' dir='ltr'><em>litteras,</em></span> <span class='ocrx_word' id='word_1_316' title='bbox 469 2850 570 2915; x_wconf 81' lang='lat' dir='ltr'><em>sequitur</em></span> <span class='ocrx_word' id='word_1_317' title='bbox 581 2855 661 2906; x_wconf 87' lang='lat' dir='ltr'><em>enim,</em></span> <span class='ocrx_word' id='word_1_318' title='bbox 676 2869 743 2917; x_wconf 83' lang='lat' dir='ltr'><em>quam</em></span> <span class='ocrx_word' id='word_1_319' title='bbox 754 2852 777 2897; x_wconf 85' lang='lat' dir='ltr'><em>ob</em></span> <span class='ocrx_word' id='word_1_320' title='bbox 786 2852 892 2911; x_wconf 78' lang='lat' dir='ltr'><em>confirm,</em></span> <span class='ocrx_word' id='word_1_321' title='bbox 908 2872 1009 2911; x_wconf 81' lang='lat' dir='ltr'><em>vereor,</em></span> <span class='ocrx_word' id='word_1_322' title='bbox 1026 2858 1068 2909; x_wconf 69' lang='lat' dir='ltr'><em>&amp;a</em></span> <span class='ocrx_word' id='word_1_323' title='bbox 1092 2848 1110 2901; x_wconf 90' lang='lat' dir='ltr'><em>il</em></span> 
     </span>
     <span class='ocr_line' id='line_1_38' title="bbox 241 2910 1132 3023; baseline 0.004 -62"><span class='ocrx_word' id='word_1_324' title='bbox 241 2910 382 3023; x_wconf 50' lang='lat' dir='ltr'><em>{st’pqffia</em></span> <span class='ocrx_word' id='word_1_325' title='bbox 402 2929 484 2964; x_wconf 86' lang='lat' dir='ltr'><em>tecum.</em></span> <span class='ocrx_word' id='word_1_326' title='bbox 507 2929 589 2964; x_wconf 85' lang='lat' dir='ltr'><em>coram</em></span> <span class='ocrx_word' id='word_1_327' title='bbox 615 2930 666 2964; x_wconf 87' lang='lat' dir='ltr'><em>non</em></span> <span class='ocrx_word' id='word_1_328' title='bbox 688 2929 743 2979; x_wconf 85' lang='lat' dir='ltr'><em>ago.</em></span> <span class='ocrx_word' id='word_1_329' title='bbox 776 2916 943 2975; x_wconf 83' lang='lat' dir='ltr'><em>Quure&#39;nihil</em></span> <span class='ocrx_word' id='word_1_330' title='bbox 973 2917 1132 2976; x_wconf 69' lang='lat' dir='ltr'><em>mutandum</em></span> 
     </span>
    </p>

    <p class='ocr_par' dir='ltr' id='par_1_7' title="bbox 265 2992 345 3028">
     <span class='ocr_line' id='line_1_39' title="bbox 265 2992 345 3028; baseline 0.038 -7"><span class='ocrx_word' id='word_1_331' title='bbox 265 2992 299 3023; x_wconf 77' lang='lat' dir='ltr'><em>dm</em></span> <span class='ocrx_word' id='word_1_332' title='bbox 314 2996 345 3028; x_wconf 79' lang='lat' dir='ltr'><em>m,</em></span> 
     </span>
    </p>

    <p class='ocr_par' dir='ltr' id='par_1_8' title="bbox 237 3036 1127 3228">
     <span class='ocr_line' id='line_1_40' title="bbox 272 3036 1127 3105; baseline 0.009 -18"><span class='ocrx_word' id='word_1_333' title='bbox 272 3054 310 3095; x_wconf 88' lang='lat'><em>70.</em></span> <span class='ocrx_word' id='word_1_334' title='bbox 327 3045 354 3090; x_wconf 81' lang='lat' dir='ltr'><em>t.</em></span> <span class='ocrx_word' id='word_1_335' title='bbox 373 3043 489 3099; x_wconf 79' lang='lat' dir='ltr'><em>clodium]</em></span> <span class='ocrx_word' id='word_1_336' title='bbox 506 3041 607 3091; x_wconf 79' lang='lat' dir='ltr'><em>Antonii</em></span> <span class='ocrx_word' id='word_1_337' title='bbox 628 3040 761 3105; x_wconf 84' lang='lat' dir='ltr'><em>privignum</em></span> <span class='ocrx_word' id='word_1_338' title='bbox 782 3074 789 3090; x_wconf 80' lang='grc'><strong>.</strong></span> <span class='ocrx_word' id='word_1_339' title='bbox 810 3044 838 3090; x_wconf 61' lang='lat' dir='ltr'><em>P«</em></span> <span class='ocrx_word' id='word_1_340' title='bbox 851 3041 937 3091; x_wconf 84' lang='lat' dir='ltr'><em>Clodii</em></span> <span class='ocrx_word' id='word_1_341' title='bbox 955 3042 1057 3100; x_wconf 83' lang='lat' dir='ltr'><em>filiurn,</em></span> <span class='ocrx_word' id='word_1_342' title='bbox 1075 3036 1127 3105; x_wconf 66' lang='grc' dir='ltr'><em>ψ’</em></span> 
     </span>
     <span class='ocr_line' id='line_1_41' title="bbox 237 3099 1111 3169; baseline 0.005 -19"><span class='ocrx_word' id='word_1_343' title='bbox 237 3112 294 3150; x_wconf 74' lang='lat' dir='ltr'><em>aum</em></span> <span class='ocrx_word' id='word_1_344' title='bbox 312 3104 447 3153; x_wconf 80' lang='lat' dir='ltr'><em>inimicitias</em></span> <span class='ocrx_word' id='word_1_345' title='bbox 464 3108 549 3153; x_wconf 87' lang='lat' dir='ltr'><em>Cicero</em></span> <span class='ocrx_word' id='word_1_346' title='bbox 566 3102 713 3169; x_wconf 83' lang='lat' dir='ltr'><em>graviisrmas</em></span> <span class='ocrx_word' id='word_1_347' title='bbox 734 3099 851 3169; x_wconf 77' lang='lat' dir='ltr'><em>gefferat:</em></span> <span class='ocrx_word' id='word_1_348' title='bbox 873 3104 1020 3169; x_wconf 82' lang='lat' dir='ltr'><em>privignum</em></span> <span class='ocrx_word' id='word_1_349' title='bbox 1038 3119 1111 3161; x_wconf 77' lang='lat' dir='ltr'><em>notem,</em></span> 
     </span>
     <span class='ocr_line' id='line_1_42' title="bbox 239 3166 1091 3228; baseline 0.008 -17"><span class='ocrx_word' id='word_1_350' title='bbox 239 3166 297 3228; x_wconf 85' lang='lat' dir='ltr'><em>quia</em></span> <span class='ocrx_word' id='word_1_351' title='bbox 307 3168 414 3216; x_wconf 80' lang='lat' dir='ltr'><em>Fulviam</em></span> <span class='ocrx_word' id='word_1_352' title='bbox 426 3170 474 3225; x_wconf 82' lang='lat' dir='ltr'><em>eius</em></span> <span class='ocrx_word' id='word_1_353' title='bbox 487 3181 588 3217; x_wconf 79' lang='lat' dir='ltr'><em>mortem</em></span> <span class='ocrx_word' id='word_1_354' title='bbox 600 3168 720 3216; x_wconf 83' lang='lat' dir='ltr'><em>Antonius</em></span> <span class='ocrx_word' id='word_1_355' title='bbox 731 3169 830 3216; x_wconf 82' lang='lat' dir='ltr'><em>duxerat</em></span> <span class='ocrx_word' id='word_1_356' title='bbox 841 3181 954 3219; x_wconf 80' lang='lat' dir='ltr'><em>uxorem.</em></span> <span class='ocrx_word' id='word_1_357' title='bbox 974 3176 1003 3224; x_wconf 86' lang='grc' dir='ltr'><em>Ρ.</em></span> <span class='ocrx_word' id='word_1_358' title='bbox 1014 3175 1091 3219; x_wconf 64' lang='lat' dir='ltr'><em>Mora</em></span> 
     </span>
    </p>

    <p class='ocr_par' dir='ltr' id='par_1_9' title="bbox 242 3229 1112 3420">
     <span class='ocr_line' id='line_1_43' title="bbox 273 3229 1111 3293; baseline 0.008 -19"><span class='ocrx_word' id='word_1_359' title='bbox 273 3242 311 3279; x_wconf 90' lang='lat'><em>71.</em></span> <span class='ocrx_word' id='word_1_360' title='bbox 329 3237 354 3276; x_wconf 81' lang='lat' dir='ltr'><em>ln</em></span> <span class='ocrx_word' id='word_1_361' title='bbox 371 3236 449 3293; x_wconf 66' lang='lat' dir='ltr'><em>optinet</em></span> <span class='ocrx_word' id='word_1_362' title='bbox 461 3232 497 3293; x_wconf 77' lang='lat' dir='ltr'><em>spe</em></span> <span class='ocrx_word' id='word_1_363' title='bbox 507 3247 595 3289; x_wconf 77' lang='lat' dir='ltr'><em>puerum</em></span> <span class='ocrx_word' id='word_1_364' title='bbox 611 3231 739 3291; x_wconf 66' lang='lat' dir='ltr'><em>repentem]</em></span> <span class='ocrx_word' id='word_1_365' title='bbox 771 3234 841 3292; x_wconf 88' lang='lat' dir='ltr'><em>Spem</em></span> <span class='ocrx_word' id='word_1_366' title='bbox 858 3229 973 3290; x_wconf 83' lang='lat' dir='ltr'><em>fefellit,</em></span> <span class='ocrx_word' id='word_1_367' title='bbox 990 3233 1111 3285; x_wconf 73' lang='lat' dir='ltr'><em>nonsoirn</em></span> 
     </span>
     <span class='ocr_line' id='line_1_44' title="bbox 242 3291 1110 3359; baseline 0.013 -25"><span class='ocrx_word' id='word_1_368' title='bbox 242 3292 320 3341; x_wconf 78' lang='lat' dir='ltr'><em>amori</em></span> <span class='ocrx_word' id='word_1_369' title='bbox 333 3295 458 3341; x_wconf 83' lang='lat' dir='ltr'><em>meretricis</em></span> <span class='ocrx_word' id='word_1_370' title='bbox 470 3292 632 3359; x_wconf 81' lang='lat' dir='ltr'><em>vulgatiffimn</em></span> <span class='ocrx_word' id='word_1_371' title='bbox 643 3293 740 3356; x_wconf 83' lang='lat' dir='ltr'><em>turpiter</em></span> <span class='ocrx_word' id='word_1_372' title='bbox 757 3291 850 3341; x_wconf 88' lang='lat' dir='ltr'><em>deditus</em></span> <span class='ocrx_word' id='word_1_373' title='bbox 865 3326 872 3349; x_wconf 91' lang='lat'><em>,</em></span> <span class='ocrx_word' id='word_1_374' title='bbox 890 3309 978 3345; x_wconf 83' lang='lat' dir='ltr'><em>venun</em></span> <span class='ocrx_word' id='word_1_375' title='bbox 990 3300 1064 3349; x_wconf 82' lang='lat' dir='ltr'><em>etiam</em></span> <span class='ocrx_word' id='word_1_376' title='bbox 1074 3308 1110 3345; x_wconf 82' lang='lat' dir='ltr'><em>eu·</em></span> 
     </span>
     <span class='ocr_line' id='line_1_45' title="bbox 245 3348 1112 3420; baseline 0.014 -22"><span class='ocrx_word' id='word_1_377' title='bbox 245 3348 361 3401; x_wconf 80' lang='lat' dir='ltr'><em>bescendo</em></span> <span class='ocrx_word' id='word_1_378' title='bbox 374 3358 457 3404; x_wconf 84' lang='lat' dir='ltr'><em>mortis</em></span> <span class='ocrx_word' id='word_1_379' title='bbox 469 3372 554 3418; x_wconf 83' lang='lat' dir='ltr'><em>genere</em></span> <span class='ocrx_word' id='word_1_380' title='bbox 569 3355 727 3420; x_wconf 85' lang='lat' dir='ltr'><em>consumptus.</em></span> <span class='ocrx_word' id='word_1_381' title='bbox 746 3354 876 3405; x_wconf 82' lang='lat' dir='ltr'><em>abdomine</em></span> <span class='ocrx_word' id='word_1_382' title='bbox 885 3361 955 3407; x_wconf 83' lang='lat' dir='ltr'><em>enirn</em></span> <span class='ocrx_word' id='word_1_383' title='bbox 976 3363 1050 3413; x_wconf 79' lang='lat' dir='ltr'><em>avide</em></span> <span class='ocrx_word' id='word_1_384' title='bbox 1059 3358 1112 3410; x_wconf 78' lang='lat' dir='ltr'><em>ceso</em></span> 
     </span>
    </p>
   </div>
   <div class='ocr_carea' id='block_1_5' title="bbox 158 3413 1111 3538">
    <p class='ocr_par' dir='ltr' id='par_1_10' title="bbox 158 3413 1111 3538">
     <span class='ocr_line' id='line_1_46' title="bbox 158 3413 1111 3538; baseline 0.012 -76"><span class='ocrx_word' id='word_1_385' title='bbox 158 3420 163 3425; x_wconf 83' lang='grc'><strong><em>·</em></strong></span> <span class='ocrx_word' id='word_1_386' title='bbox 241 3427 296 3538; x_wconf 57' lang='lat' dir='ltr'><em>pepp</em></span> <span class='ocrx_word' id='word_1_387' title='bbox 307 3413 414 3531; x_wconf 51' lang='lat' dir='ltr'><em>fbbbic</em></span> <span class='ocrx_word' id='word_1_388' title='bbox 426 3418 522 3471; x_wconf 81' lang='lat' dir='ltr'><em>i&#39;ordidot</em></span> <span class='ocrx_word' id='word_1_389' title='bbox 534 3420 723 3485; x_wconf 79' lang='lat' dir='ltr'><em>intemperantia</em></span> <span class='ocrx_word' id='word_1_390' title='bbox 739 3419 844 3483; x_wconf 80' lang='lat' dir='ltr'><em>spirirum</em></span> <span class='ocrx_word' id='word_1_391' title='bbox 856 3419 973 3475; x_wconf 82' lang='lat' dir='ltr'><em>reddidit.</em></span> <span class='ocrx_word' id='word_1_392' title='bbox 991 3427 1047 3489; x_wconf 76' lang='lat' dir='ltr'><strong>val.</strong></span> <span class='ocrx_word' id='word_1_393' title='bbox 1057 3424 1111 3475; x_wconf 80' lang='lat' dir='ltr'><em>tor</em></span> 
     </span>
    </p>
   </div>
   <div class='ocr_carea' id='block_1_6' title="bbox 1031 3553 1127 3615">
    <p class='ocr_par' dir='ltr' id='par_1_11' title="bbox 1031 3553 1128 3648">
     <span class='ocr_line' id='line_1_47' title="bbox 1031 3553 1127 3615; baseline -0.041 -10"><span class='ocrx_word' id='word_1_394' title='bbox 1031 3553 1127 3615; x_wconf 70' lang='lat' dir='ltr'><em>onitu</em></span> 
     </span>
    </p>
   </div>
   <div class='ocr_carea' id='block_1_7' title="bbox 0 0 1171 3892">
    <p class='ocr_par' dir='ltr' id='par_1_12' title="bbox 0 0 1171 3892">
     <span class='ocr_line' id='line_1_48' title="bbox 0 0 1171 3892; baseline 0 0"><span class='ocrx_word' id='word_1_395' title='bbox 0 0 1171 3892; x_wconf 95' lang='lat' dir='ltr'><em> </em></span> 
     </span>
    </p>
   </div>
  </div>
 </body>
</html>
