2296 3900
238 112 325 187 2194
387 92 583 159 Ernst.
624 105 696 157 an
739 62 996 155 Brutum

239 186 360 268 turpem
386 192 481 251 cradia
522 191 703 269 dementique
733 204 815 250 aetate
853 192 1014 250 caniciem!
1056 192 1111 269 Ego
1140 181 1146 195 ’

95 272 98 282 “
137 320 146 336 ,
184 317 194 334 .
241 282 329 347 patres
345 268 513 344 conscriptos
529 269 563 329 ad
579 268 752 344 parricidium
767 268 882 327 induri:
904 284 959 402 θέο
973 270 1113 345 rempubi·

241 364 304 405 cnm
322 346 422 405 fefelli:
443 346 497 423 egb
513 344 568 420 ipse
584 346 706 403 senatum
721 344 769 403 fibi
783 363 882 405 manus
897 362 913 403 a
937 361 997 405 erte
1016 341 1111 422 coegi,

243 422 308 481 ciam
329 436 357 481 te
384 422 536 495 Junonium
553 440 671 498 puerum
698 422 728 480 &
750 423 843 481 matris
863 434 922 483 tuae
944 434 1056 496 partum
1075 440 1111 481 au

245 516 324 557 reum
344 496 417 559 tede
439 498 504 557 dixi.
543 500 581 559 At
603 511 632 555 te
654 498 706 557 fata
729 501 825 572 patriae
846 498 976 558 Paridem
1000 500 1108 559 futurm

137 597 145 613 ·
265 570 462 640 rbdicabant,
495 574 543 650 qui
565 574 679 633 vastares
701 576 797 633 urbem
819 574 981 644 incendio,
1019 574 1105 635 ltaiitu

244 594 336 719 dello,
356 652 405 727 qui
417 651 499 710 caira
513 653 542 709 in
563 652 673 729 templis
694 651 811 710 deorum
834 652 1043 711 immortalium
1058 696 1066 723 ,
1081 652 1104 712 it
1130 653 1138 674 '

244 741 343 789 natum
358 729 388 789 in
403 727 491 788 castris
503 726 642 789 habiturus
656 724 729 786 effes.
764 730 792 786 0
811 729 939 787 miseram
970 730 1003 787 &
1025 729 1108 787 inbre·

245 807 275 867 ui
296 820 355 866 tam
375 805 494 865 ceferem
516 806 546 863 &
574 816 631 865 tam
662 806 765 863 vatiam
785 805 946 881 reipublicae
968 818 1108 864 commura-

245 876 371 955 {ionemi
393 882 531 959 Quisnam
545 882 612 941 'tali
634 882 739 939 futurus
760 882 873 957 ingenio
896 880 962 951 est,
983 884 1032 958 qui
1045 882 1106 957 poiit

141 989 149 1005 ·
244 958 309 1021 haec
323 960 361 1017 ita
375 957 506 1017 mandare
518 957 630 1025 litteris,
649 971 682 1017 ut
704 956 776 1015 facia
809 976 869 1017 non
891 956 958 1017 ficta
982 960 1107 1017 videantur

247 1032 321 1097 effe?
343 1035 413 1111 Quis
427 1034 479 1093 erit
491 1045 568 1095 tanta
581 1035 668 1099 animi
682 1034 828 1103 facilitate,
847 1036 915 1111 qui,
937 1052 1007 1111 quae
1025 1034 1109 1095 veridi-

246 1110 295 1173 'md
311 1110 448 1173 memorii
461 1112 748 1227 fropagatafuerint,
767 1128 827 1171 non
849 1110 956 1171 fabulae
980 1110 1069 1171 similia
1084 1110 1112 1170 fit·

247 1187 468 1247 existimaturos.
494 1188 595 1263 Cogita
608 1188 685 1246 enim
707 1188 867 1247 Antonium
889 1187 1005 1247 hostem
1022 1189 1112 1265 judita·

171 1308 174 1315 ·
247 1276 309 1325 tum
326 1308 334 1333 ,
354 1264 437 1323 abeo
452 1260 654 1323 circumsessum
675 1264 814 1323 consulem
832 1264 1035 1341 designatum,
1057 1282 1111 1323 cun·

248 1342 372 1429 demque
387 1340 544 1415 reipublicae
558 1351 700 1417 parentem
717 1361 724 1399 :
744 1352 772 1399 te
787 1341 952 1417 profestum
976 1342 1011 1401 ad
1029 1340 1112 1401 coniu-

248 1420 306 1479 iem
319 1418 509 1486 hberandurn,
529 1418 558 1477 ὅ(
572 1416 680 1477 hostem
695 1418 912 1493 opprimendum
931 1459 941 1488 ,
961 1418 1111 1495 hostemque

250 1495 268 1554 b
282 1495 448 1569 refugarum
465 1535 475 1560 ,
495 1492 679 1557 &consulem
695 1494 838 1555 obridione
848 1494 1003 1555 liberatum
1022 1514 1029 1553 t
1048 1494 1114 1553 deiu-

251 1570 287 1631 de
301 1571 394 1646 paullo
414 1568 475 1645 post
496 1571 620 1645 fugatum
636 1570 714 1629 ilium
728 1570 835 1629 hostem
858 1572 1036 1640 atceffitum,
1051 1582 1115 1630 tam·

252 1666 336 1725 quam
352 1645 520 1706 coheredem
537 1644 646 1719 mortui
658 1645 796 1723 republici
808 1646 844 1706 ad
857 1647 935 1707 bona
958 1648 1054 1725 popuii
1066 1648 1116 1706 Ro-

251 1726 328 1785 mani
343 1722 485 1798 rapienda:
507 1722 648 1783 consulem
670 1723 839 1801 defignatum
862 1722 971 1784 turtum
992 1724 1115 1785 inclusum

238 1804 308 1871 seo,
327 1800 375 1859 ubi
387 1798 414 1859 se
428 1818 487 1861 non
503 1800 664 1873 moenibus,
684 1800 729 1859 sed
751 1800 913 1861 fluminibus
932 1804 964 1861 δι
986 1800 1116 1860 montibu

250 1888 382 1952 tueremur.
419 1878 494 1937 Haec
509 1878 569 1955 quis
583 1877 727 1937 conabitur
740 1894 879 1953 exponere
898 1876 912 1937 ἒ
940 1879 1003 1956 quis
1016 1876 1115 1937 credere

157 2010 163 2019 ,
219 1986 223 1995 ·
250 1950 390 2014 audebit?
408 1953 490 2012 liceat
503 1952 588 2013 semei
601 1952 716 2029 impune
730 1952 852 2027 peccasse
867 1974 875 2013 ε
897 1954 931 2014 iit
953 1956 1055 2014 erranti
1066 1970 1115 2013 me·

251 2030 342 2091 dicina
357 2031 500 2089 confeffio.
539 2032 647 2091 Verum
663 2032 738 2089 enim
754 2031 844 2091 dicam
893 2032 1007 2101 utinam
1028 2043 1055 2090 te
1072 2048 1115 2123 po

251 2109 330 2178 tius,
370 2106 503 2177 Antoni,
530 2108 678 2167 dominum
713 2126 771 2166 non
806 2104 1009 2185 expuiifl'ernus
1043 2124 1114 2184 quam

101 2203 117 2235 x
133 2184 327 2249 itaMSSbunc
342 2184 542 2259 reciperemus!
564 2202 621 2245 non
636 2182 718 2261 ¹qub
733 2185 785 2242 ulla
799 2184 831 2243 stt
852 2182 979 2260 optanda
1001 2184 1115 2252 servitus,

70 2290 76 2307 ι
100 2250 242 2315 Grus.quod.
252 2262 299 2321 icd
313 2262 376 2337 quia
393 2261 523 2336 dignitate
537 2262 645 2321 domini
661 2260 750 2320 minus
762 2273 806 2321 tur
826 2264 846 2320 is
869 2261 908 2319 est
922 2262 1039 2321 fortuna
1052 2260 1116 2318 servi.

252 2338 282 2403 in
297 2336 404 2396 duobus
418 2349 512 2396 autern
529 2336 694 2406 malis,cunt
708 2280 868 2413 fugiendum
880 2338 974 2413 majus
988 2336 1116 2406 fit,levius

253 2414 291 2472 est
304 2414 471 2489 eligendum.
511 2414 560 2473 ilie
581 2428 675 2475 tamen
698 2432 729 2472 ea
754 2416 909 2483 exorabat,
935 2432 1005 2491 quae
1020 2413 1117 2472 volebat

150 2510 206 2570 rag.
250 2491 378 2555 auferre:
398 2502 431 2550 tu
443 2503 601 2567 extorques.
638 2491 687 2550 ille
701 2491 795 2550 consul
808 2492 987 2565 provinciam
1004 2490 1116 2566 petebat:

104 2584 232 2645 cecixxr.
251 2580 287 2627 tu
302 2568 422 2644 privatus
438 2568 599 2642 concupisti.
637 2568 687 2626 llle
704 2568 738 2626 ad
751 2568 912 2627 rmalorum
925 2567 1043 2626 salutem
1054 2564 1116 2643 judi·

102 2647 299 2710 ymatommcia
313 2643 493 2704 constituebat
508 2646 538 2702 ὃ(
561 2646 635 2721 ieges
650 2644 768 2702 ferebat:
789 2658 823 2702 tu-
835 2644 870 2702 ad
883 2644 1040 2719 perniciem
1057 2642 1116 2717 opti·

103 2699 153 2747 ⁴¹¹¹·
256 2739 379 2781 morum.
418 2720 496 2780 inea
511 2721 641 2795 sanguine
655 2723 684 2779 bc
697 2720 828 2780 incendio
851 2720 998 2779 servorum
1014 2722 1117 2794 Capito·

248 2798 323 2875 ,lium
336 2797 485 2859 tuebatur:
504 2811 537 2857 tu
550 2816 648 2857 cruore
665 2796 820 2857 &flamma
843 2797 945 2857 cuncta
968 2796 1062 2857 delere
1080 2796 1117 2853 ria

247 2874 301 2943 bi,
320 2874 370 2950 qui
382 2872 462 2933 dabat
475 2876 631 2951 provincias
648 2872 759 2942 Caffio,
778 2876 808 2932 &
823 2872 935 2943 Brutis,
963 2876 994 2933 δι
1017 2872 1070 2933 illia
1080 2890 1116 2931 cu·

254 2949 374 3008 stodibus
387 2953 511 3009 nominis
522 2951 623 3020 nostri,
642 2952 796 3026 regnabat,
815 2950 883 3026 quid
898 2952 999 3017 faciet,
1021 2951 1072 3029 qui
1089 2949 1121 3007 ti·

251 3040 311 3084 tam
327 3026 444 3085 adimit?
464 3027 546 3104 liqui
560 3029 627 3086 urbe
641 3028 767 3101 ejiciebat
791 3038 925 3103 tyrannus
947 3040 1024 3086 erat:
1045 3042 1118 3103 quem

254 3105 349 3160 ²bttnc
366 3120 517 3173 vocemus,
537 3105 585 3181 qui
599 3122 636 3163 ne
650 3098 745 3162 locum
761 3103 876 3179 quidem
892 3104 1006 3181 reliquit
1021 3098 1119 3165 exilio?

252 3178 353 3257 ¹Itaque
367 3178 387 3238 fi
400 3182 535 3257 quid'iiiae
549 3180 688 3257 majorum
704 3179 861 3241 nostrorum
876 3180 992 3255 sep'ultae
1009 3181 1121 3257 reliquia

252 3253 389 3329 sapiunt,
416 3257 437 3316 ti
459 3276 519 3317 non
542 3256 598 3317 unit
618 3275 685 3317 curn
708 3274 827 3333 corpore
847 3256 937 3317 sensus
959 3262 1057 3317 omnia
1075 3274 1121 3315 uuo

137 3370 177 3414 ,ἢ
253 3346 337 3405 atque
353 3334 454 3392 eodem
470 3334 649 3410 consumptus
662 3332 700 3392 est
714 3335 788 3407 igni;
810 3334 876 3410 quid
890 3334 943 3392 illis
958 3337 1120 3409 interrogan-

252 3410 326 3467 tibus
341 3448 351 3479 ,
371 3411 439 3487 quid
451 3424 514 3487 agat
526 3429 604 3473 nunc
618 3424 630 3453 ²
637 3412 754 3489 populus
768 3412 915 3472 Romanus
928 3444 944 3483 ,·
958 3410 1122 3547 respondendi
