2296 3900
161 138 354 217 Error.
394 135 809 235 An'll'rrreoir.
854 150 937 242 1803

60 251 212 351 iiiamjani
225 257 300 321 adest
321 272 401 319 meus
421 257 580 329 aduentus,
599 258 644 317 fac
664 259 785 336 quaeso,
810 280 848 326 ne
863 267 942 405 ,Ῥω
1008 302 1016 321 ,
1072 252 1076 261 '

61 359 133 402 eum
146 339 206 399 sdns
218 333 390 413 impediant,
409 352 468 415 quo
484 334 575 401 minis
586 336 637 397 suo
650 339 808 398 commodo
819 342 849 401 in
895 344 939 405 us·

63 419 167 478 culsuo
191 414 233 475 fit.
268 430 323 472 nec
343 413 420 471 enim
445 411 487 470 ad
507 411 629 472 tabulam
649 429 716 472 cum
744 413 940 481 deiidetetmns

64 512 152 554 eram.
190 493 221 552 in
233 490 281 551 tali
294 490 371 549 enim
385 506 421 549 ne
439 489 502 548 otio
516 506 566 547 cur
585 499 618 549 tu
638 505 709 548 unus
731 506 791 550 non
810 492 871 557 istis
890 495 942 557 es?

64 570 114 631 sed
129 569 164 629 ad
177 568 406 631 testamentumv
435 566 533 624 ebann
552 566 631 653 quod
641 565 701 640 jam
716 567 792 626 malo
811 568 866 631 alio
880 572 943 643 die;

65 664 106 708 ne
121 648 159 706 ob
173 640 237 705 eam
251 643 358 703 causam
365 644 491 702 Romam
504 639 607 701 venie
622 643 723 702 videar.
760 644 847 721 scripsi
862 652 943 725 igitur
1035 650 1038 655 ’

66 723 104 782 ad
118 723 254 791 Brutum,
269 722 328 797 jam
343 719 427 789 illud,
446 719 524 797 quod
537 718 689 795 purailem,
708 720 773 780 idib.
794 722 864 783 nihil
874 744 944 801 opus

69 796 134 859 effe.
173 798 258 857 velim
273 816 340 873 ergo
356 808 450 856 totum
463 799 520 856 hoc
533 797 571 854 ita
583 797 718 871 gubernes
733 840 741 865 ,
761 811 844 859 utne
860 804 944 861 mini·

68 893 117 935 ma
133 876 248 952 quidem
263 892 292 933 re
306 873 360 933 ulla
375 874 451 934 Bruti
469 873 656 937 commodum
671 874 862 948 impediamus.
889 876 944 938 Sed

69 954 140 1029 quid
154 952 191 1010 est
205 950 336 1019 tandem,
357 951 434 1026 quod
455 949 658 1025 perhorrescas,
680 952 778 1027 ¹¹quia
800 966 850 1011 tuo
872 957 944 1029 peri·

70 1029 138 1088 culo
148 1029 262 1104 jubeam
275 1028 357 1089 libros
372 1026 430 1086 dari
443 1023 586 1087 Varroni?
606 1028 690 1085 etiam
705 1045 780 1086 nunc
795 1029 815 1086 fi
837 1030 942 1090 dubitas

69 1105 116 1163 foc
130 1117 161 1164 ut
175 1104 298 1164 sciamus.
317 1103 387 1162 nihil
401 1103 438 1162 est
451 1104 528 1172 enim
541 1101 590 1161 illis
606 1103 764 1179 elegantius.
790 1107 858 1164 volo
873 1108 945 1167 Vere

72 1197 192 1251 sonem,
211 1181 360 1256 praesertim
374 1179 440 1238 cum
453 1180 498 1239 ille
510 1177 661 1268 desideret:
681 1179 729 1239 sed
743 1178 796 1250 eli,
816 1196 846 1241 ut
859 1182 925 1256 scis,

150 1262 235 1324 Asside
250 1259 321 1324 dale·
343 1259 427 1328 τάχα
443 1278 489 1314 κεν
503 1258 550 1312 καὶ
563 1256 683 1313 arsisses
700 1254 832 1316 nicrinus.

72 1334 110 1395 its
125 1335 194 1394 milri
207 1334 279 1411 saepe
293 1337 414 1393 occurrit
428 1335 519 1393 vultus
531 1332 606 1408 ejus,
626 1334 764 1409 querentis
781 1332 944 1395 fortuffevel

72 1410 148 1482 hoc,
168 1429 243 1470 mess
263 1404 352 1486 partes
372 1408 401 1468 in
430 1412 462 1469 iis
487 1410 559 1469 libris
578 1408 713 1485 copiosius
739 1410 861 1470 defensas
889 1410 945 1471 elle

72 1486 161 1564 quim
174 1487 232 1547 suus
247 1507 254 1546 :
269 1485 353 1621 {md
385 1486 543 1545 mehercule
575 1503 635 1546 non
663 1483 717 1545 effe
748 1486 946 1564 intelliges,li

71 1563 189 1641 quando
210 1564 241 1621 in
295 1564 384 1638 pirum
412 1565 529 1622 veneris.
569 1572 670 1621 ¹²nam
695 1580 772 1623 nunc
801 1564 946 1625 Alexionis
1015 1572 1018 1589 ¹

70 1639 192 1715 epistolis
206 1638 338 1698 cedimus.
375 1638 421 1696 sed
434 1652 530 1698 tamen
549 1656 604 1713 ego
624 1658 683 1698 non
711 1640 825 1715 despero
845 1643 946 1718 proba·

71 1727 138 1776 tum
152 1716 185 1774 iri
204 1714 340 1783 Varroni:
361 1716 391 1774 δι
404 1713 449 1786 id,
468 1715 603 1794 quonism
619 1718 806 1793 trimpensam
823 1719 945 1778 ‘lecimus

858 1807 1008 1863 ,in'

61 2002 64 2009 «
105 1991 143 2026 11.
186 1975 394 2039 uiasuopericulm
419 1972 458 2023 Ad
468 1972 603 2039 proximam
614 1972 738 2038 epistolam
748 1973 887 2038 inperiooem
899 1983 943 2027 At·

71 2036 132 2087 riciss
144 2036 293 2103 relponderat
304 2042 329 2089 &
342 2037 372 2088 de
382 2038 554 2094 Andromene,
571 2040 596 2087 dc
608 2037 638 2085 de
653 2036 801 2087 Academicis
817 2038 847 2086 nd
857 2044 945 2089 Varro·

73 2116 141 2152 nem.
158 2101 283 2166 dequibus
292 2116 347 2152 cum
358 2104 444 2152 Cicero
456 2104 490 2150 ita
503 2096 635 2165 scripliffet3
651 2102 763 2162 Quoiam
772 2115 796 2149 ru
802 2101 904 2165 frascipis,
919 2106 946 2149 in

72 2167 167 2213 alteram
177 2183 270 2213 aurem:
288 2169 381 2216 Atticus
396 2162 539 2229 respondens
553 2163 659 2228 quodam
675 2162 751 2220 modo
766 2164 872 2229 refirgere
885 2162 944 2217 viliis
965 2164 968 2169 ’

73 2225 122 2284 est,
138 2241 164 2277 ut
174 2227 242 2291 ipfius
254 2231 357 2292 periculo
368 2232 523 2278 mitterentur.
557 2227 587 2275 ed
597 2226 622 2276 id
634 2228 704 2292 igitur
715 2227 813 2284 Cicero,
829 2229 894 2290 Qid
906 2228 943 2287 est,
977 2233 979 2237 ’

73 2290 174 2352 inquit,
195 2293 251 2350 quad
262 2294 422 2355 perhorrescas,
446 2296 499 2356 quio
514 2303 551 2339 tur
562 2295 657 2354 periculo
668 2290 757 2347 jubeam
772 2293 836 2341 libros
854 2294 944 2339 Varroni

72 2352 127 2400 dari
133 2361 144 2399 r
161 2357 184 2400 Ρ.
192 2358 284 2403 Manus.

110 2431 148 2464 12.
165 2421 222 2462 Nam
232 2432 286 2463 nunc
296 2419 416 2466 ,Alexionis
428 2417 519 2481 epistolis
528 2414 641 2473 sedimen]
669 2420 742 2464 Vetus
756 2414 814 2465 libet
829 2418 942 2477 credimus,

74 2477 154 2528 Urfin.
172 2477 275 2539 Quidam
285 2479 308 2528 le
341 2495 367 2528 nt
381 2482 493 2529 sedimus.
515 2483 540 2530 ξι
554 2480 748 2540 interpretantur,
763 2479 879 2527 credimus
893 2480 944 2543 epi·

76 2542 145 2591 stolis
157 2542 290 2597 Alexionis,
304 2544 412 2592 cr’bentis
422 2544 471 2604 jam
480 2544 552 2591 libros
565 2542 721 2591 Academicos
735 2544 760 2589 in
772 2546 852 2616 Epiro,
858 2539 943 2590 descri-
957 2558 960 2563 ’

73 2619 131 2717 fros
143 2602 231 2663 haberi¹
262 2604 287 2652 in
298 2621 346 2680 quo
356 2608 502 2670 magnopere
512 2605 632 2679 fslluntur.
651 2608 710 2652 Non
720 2605 783 2679 enim
794 2621 819 2655 ru
830 2606 942 2678 Epirum,

83 2667 115 2717 ed
128 2673 236 2716 Romam
247 2665 407 2717 describendos
423 2667 580 2717 Academicos
594 2665 688 2715 miserm
703 2670 807 2725 Cicero,
822 2679 847 2714 ut
865 2665 942 2717 scribit

74 2745 159 2795 cp.21.
176 2735 230 2778 iioc
240 2745 297 2793 ergo
307 2731 376 2779 dicit:
392 2731 521 2795 siquando
532 2733 557 2779 in
574 2731 646 2842 Egiro
661 2728 813 2791 poileilioncs
827 2742 880 2778 tuas
896 2727 942 2777 οὗ·

74 2794 141 2843 cunti
151 2796 229 2841 orium
239 2791 281 2840 tibi
291 2795 334 2842 erit
344 2793 439 2857 legendi
453 2795 525 2842 libros
543 2800 592 2842 Aca
608 2794 706 2843 emices.
739 2797 804 2842 Nam
820 2806 882 2840 nunc
897 2790 944 2841 tibi

73 2856 123 2909 lroc
133 2857 275 2905 remittimus
287 2858 312 2904 ει
324 2855 452 2905 cedimuse
468 2855 542 2905 idolis
559 2857 683 2904 Alexionis
698 2857 853 2920 procuratoris
867 2856 901 2903 rui
916 2855 943 2914 iu

73 2922 162 2983 Epiro,
178 2918 262 2982 quibus
273 2918 378 2982 legendis
390 2923 413 2969 δι
424 2873 589 2983 ιεῆιοιιὰειιάἰε
599 2931 724 2982 occupatus
734 2934 767 2969 es.
788 2932 824 2982 ep.
840 2918 882 2967 ult.
899 2916 941 2980 lib,

74 2997 127 3036 ιιι.
146 2983 194 3039 Nifi
206 2995 226 3027 tc
239 2985 347 3043 Epirotica
357 2984 432 3028 littera
443 2983 565 3042 impediant,
597 2985 694 3044 iopma.
901 3040 904 3045 η

108 3060 145 3099 13.
161 3047 277 3107 Impenfam
289 3045 378 3100 fecimus
387 3048 411 3090 in
421 3047 556 3103 meraculo]
572 3046 680 3097 Σόμιιτιι
691 3045 717 3091 &
728 3041 840 3099 σαμᾶτια
851 3041 940 3099 Εῐκείη

74 3106 219 3157 membrana
231 3107 351 3162 dicuntur,
368 3105 407 3156 sed
424 3108 491 3154 nolin
508 3122 551 3168 pro
572 3105 661 3154 scheda
680 3108 718 3154 vel
735 3105 821 3169 pagina
832 3107 940 3153 Graecum

74 3171 198 3223 annonem
210 3173 252 3235 qui
263 3171 347 3219 dixerit
359 3169 452 3218 nullum
462 3168 567 3232 proferre
577 3181 695 3232 poterunr.
729 3167 824 3214 Chamae
833 3168 893 3215 olim
903 3166 942 3215 irr-

75 3245 112 3285 ter
122 3230 145 3282 se
155 3234 323 3297 jungebantur,
339 3235 365 3283 dt
393 3234 470 3281 lutino
482 3228 707 3295 compingebantur,
722 3231 748 3279 ilc
763 3229 843 3278 vicine
857 3231 943 3295 pingu-

74 3296 105 3344 ie
119 3297 146 3344 in
161 3311 210 3344 uno
228 3297 296 3360 scapo
318 3248 473 3361 ponelsnotur.
506 3297 569 3344 ilinc
579 3293 680 3350 βιβλιδϊκ
691 3294 795 3341 mannua
810 3292 943 3358 Antiphoni

74 3357 138 3421 opud
152 3359 278 3409 Pollucem.
308 3364 389 3408 Exeo
407 3357 561 3409 unanimitas
576 3357 601 3406 in
617 3355 682 3407 libris
698 3358 723 3406 ὰ
740 3356 766 3404 ὶιι
781 3355 866 3404 chartis
879 3370 941 3407 nou·

74 3420 135 3474 duni
146 3418 185 3469 scri
213 3420 695 3488 isprimamlchedamdinecuntvetercs,
711 3434 763 3483 que
789 3419 944 3482 mnaadglu·

73 3486 151 3549 tium
186 3496 229 3547 et,
246 3487 308 3540 &in
320 3486 407 3539 rimis
417 3498 509 3540 nomen
519 3434 850 3549 anmoioesnssdpmn

851 3492 948 3595 '’'cl'a'ss
1028 3563 1031 3568 .
1092 3492 1094 3497 .
