2296 3900
169 132 477 203 limenun
520 135 820 208 Arrrcuut.
861 150 1093 261 r937ttuessdam

65 237 178 303 bitrium
197 254 287 305 tuum.
332 240 417 301 90sed
445 240 559 317 quando
588 240 666 299 illum
688 242 789 315 diem,
808 245 873 305 clun
896 257 1080 332 stupratore.

66 317 205 379 edendam
219 319 328 399 putes?
354 317 500 386 Inducias,
519 333 586 392 quas
604 316 718 389 scribis,
737 338 797 380 non
817 324 973 400 intelligor.
988 346 1092 389 ccxrrv.

66 391 225 472 fietipolle.
263 398 363 467 melior
382 396 420 454 est
432 394 657 469 draorrouvroip·
688 414 744 473 qua
763 415 810 455 me
830 399 942 460 usurum

66 470 190 535 arbitror.
229 474 319 551 Quod
331 473 420 532 scribis
432 482 459 526 9ι
474 468 597 546 legiones
619 471 685 530 duas
705 473 877 533 Brundisium
892 494 942 535 ve-

65 544 158 617 nilse3
180 569 231 609 vos
245 552 342 611 omnia
364 548 445 626 pribs.
481 548 578 607 scribes
598 549 681 622 igitur
699 550 833 626 quidquid
848 552 943 613 audie-

65 622 109 681 ris.
147 626 281 687 Varronis
295 627 421 696 trema
434 624 569 700 exspolio.
607 626 671 699 lam
693 628 780 700 probo
797 625 941 697 H‘raeatt.

68 696 147 772 drot,
173 703 323 779 praesertim
345 703 409 765 cun
429 714 461 761 tu
480 702 626 778 tantopere
646 702 805 764 delebere:
840 706 940 777 rosea,

875 800 947 860 (luat

99 967 138 1004 ρο.
155 953 198 1000 Sed
211 955 294 1017 quiade
305 955 371 1002 illrrrn
384 954 442 1002 diem
457 965 482 1002 tro
496 955 598 1002 tuendum
610 958 691 1017 potet]
719 920 778 1016 Qtis
795 968 845 1003 non
861 954 941 1006 videar
1015 998 1030 1007 .

69 1014 135 1062 hunc
144 1014 224 1064 locum
238 1017 346 1068 vitiosum
357 1013 421 1067 else?
438 1032 492 1066 eutn
504 1016 574 1066 nobis
587 1015 630 1065 vifi
651 1015 728 1065 sumus
741 1013 877 1081 castigasse,
894 1035 941 1083 ope

70 1077 168 1140 quidem
181 1081 231 1128 anri
250 1094 335 1131 nomm
344 1080 468 1131 codicum:
485 1095 528 1129 nec
539 1093 621 1128 tamen
634 1077 748 1129 sinceram
760 1082 796 1128 illi
812 1082 942 1133 lestionem

69 1140 216 1199 retinebant,
232 1095 271 1192 sed
281 1145 331 1204 ejus
342 1160 393 1193 non
405 1159 476 1208 parva
488 1143 597 1207 quadarn
607 1141 720 1207 vestigia:
736 1141 851 1205 liquidem
864 1146 896 1193 ita
909 1146 942 1195 est

68 1203 167 1262 inillis,
177 1207 217 1265 sed
226 1211 311 1268 quando
323 1210 391 1257 illum
400 1211 457 1254 dr'em
467 1224 515 1254 eam
525 1209 625 1254 tuendam
641 1220 699 1267 proter
711 1222 720 1252 .·
741 1208 842 1270 legimus
857 1209 942 1273 igitur,

66 1282 116 1313 oum
125 1281 150 1314 ru
159 1270 260 1317 edendam
266 1284 342 1334 pares:
358 1284 384 1321 ut
395 1270 548 1319 de=0ratione
557 1285 585 1319 ea
595 1269 719 1331 loquatur,
735 1269 765 1318 de
776 1284 823 1333 qua
833 1269 874 1319 lib.
885 1286 938 1323 rvr.

66 1328 210 1381 intendem
226 1330 366 1384 sententiam
380 1331 412 1382 fic
428 1333 551 1397 loquitur:
569 1340 649 1397 „Atque
667 1337 752 1379 urinam
766 1351 815 1380 eum
829 1335 887 1381 diem
901 1340 940 1382 vi·
961 1338 964 1343 “

67 1394 129 1439 deam
136 1412 198 1454 ,orrm
207 1395 248 1452 ista
258 1402 327 1445 oratio
337 1402 371 1446 ita
382 1398 445 1443 libere
454 1408 545 1458 vagetur
555 1430 563 1453 ‚
579 1410 604 1444 ut
612 1399 678 1443 eriam
688 1397 711 1441 ia
722 1398 785 1444 Sicca
801 1399 888 1445 domam
906 1402 941 1445 r'rr·

64 1462 143 1508 trudat.
176 1456 273 1508 Videtur
283 1473 363 1511 aurern
373 1458 455 1523 scripta
464 1458 532 1508 luisse
543 1460 569 1509 in
580 1459 713 1508 Antonium
723 1473 752 1506 err
763 1459 810 1508 hoc
825 1459 940 1524 posterio-

65 1532 94 1569 re
105 1520 175 1577 loco,
195 1519 212 1568 fi
222 1522 310 1581 verba,
324 1538 376 1587 qua
387 1521 442 1571 aute
455 1536 483 1571 ea
494 1537 546 1585 qua
556 1524 679 1571 citavimus
697 1518 855 1584 scriptulum,
870 1538 941 1573 aceu-.

66 1583 140 1631 rarius
150 1583 290 1636 confideres.
307 1599 376 1651 optat
392 1599 471 1637 autem
482 1588 562 1634 venire
576 1598 689 1649 tempus,
704 1599 753 1646 quo
770 1586 823 1635 rutb
843 1587 886 1635 illa
900 1588 941 1638 edi

64 1643 160 1708 pouit:
187 1661 217 1695 eo
233 1648 298 1697 euim
314 1661 422 1713 tempore
435 1647 564 1712 periculum
580 1644 739 1712 adportallet,
770 1646 787 1696 li
803 1651 941 1703 emanasset.

66 1706 114 1754 Sed
126 1710 199 1757 etiam
211 1710 257 1757 hoc
267 1712 293 1759 in
303 1710 364 1760 libro
374 1727 424 1759 non
435 1710 512 1759 multi>
522 1710 589 1775 post:
607 1717 655 1759 Hae
667 1726 714 1769 orror
725 1711 838 1770 scriberem
847 1728 941 1771 rantum.

66 1768 127 1833 quid
141 1772 289 1830 existimabam
298 1776 327 1820 oo
337 1788 358 1821 te
367 1779 482 1821 orationem
491 1774 528 1834 effe
550 1776 655 1825 erlatamr
673 1770 741 1834 qrodm
754 1777 817 1821 timeo
827 1778 881 1839 quid
892 1780 942 1824 erti-

60 1832 160 1893 stimet,
176 1836 215 1894 etss
224 1838 318 1898 qrrr‘dad
332 1845 387 1884 me?
413 1853 458 1899 qua
469 1853 509 1882 nort
520 1787 549 1895 sl
561 1836 623 1896 forat
634 1837 749 1899 proditura
765 1837 805 1894 m'fi
820 1840 888 1901 repub,
904 1856 940 1889 n·

64 1909 173 1960 caperata.
185 1900 275 1964 deque,
290 1901 346 1963 quid
356 1899 577 1961 sperem,norraudeo
584 1901 681 1959 stridere.
714 1899 801 1951 Vilior.
919 1930 923 1935 -

99 1976 137 2012 91.
154 1965 340 2027 Legaiompdeos
351 1964 487 2020 Brundrstrrm
502 1963 599 2022 venilia]
630 1965 728 2023 Legiones
749 1961 876 2025 legendum
892 1962 940 2013 este

63 2021 180 2089 inteiligit
191 2027 257 2075 enim
268 2027 299 2077 de
308 2024 454 2092 legionibus,
463 2038 520 2088 quas
532 2023 609 2074 Cesar
618 2027 643 2074 in
655 2025 771 2072 Gratiam
800 2024 942 2083 remiserat,

63 2086 152 2149 quibus
160 2086 251 2138 bellum
263 2089 353 2141 Parthis
367 2087 453 2138 inferre
471 2088 585 2151 parabat:
599 2089 635 2137 ha
644 2087 708 2143 enim
720 2087 753 2137 ibi
768 2040 867 2149 allquod
877 2101 941 2137 tem·

65 2162 112 2215 pus
123 2150 256 2202 manserunt
267 2170 274 2202 ε
292 2151 365 2202 eb'ad
375 2153 429 2202 illas
439 2150 531 2201 accessit
541 2151 661 2209 Antonius
672 2183 681 2207 ‚
695 2164 720 2199 ut
732 2164 771 2199 eas
786 2149 829 2200 libi
838 2150 940 2226 pecunii

64 2212 220 2271 conciliaret,
234 2230 332 2279 quarum
344 2216 418 2265 eriam
428 2214 568 2265 fortissimos
578 2213 726 2263 centuriones
744 2215 866 2276 jugulavrt.
899 2220 938 2265 De

64 2273 106 2323 bis
116 2272 194 2338 sapius
203 2280 229 2326 in
237 2279 273 2328 bis
283 2279 386 2344 epistolis
396 2279 472 2344 sermo
483 2277 530 2334 est,
545 2290 571 2327 ut
586 2277 627 2327 lib.
635 2291 687 2327 rvr.
703 2278 840 2337 uerradifiom
850 2281 916 2339 oegr‘tr
928 2296 938 2326 .·

58 2336 157 2401 facilior
166 2344 223 2387 erim
232 2343 394 2405 &exploratior
408 2345 514 2390 derr'tetio
529 2344 633 2403 legionum
644 2340 692 2398 foro
707 2345 796 2389 uidetur
815 2342 883 2406 qroa'm
899 2345 940 2404 piq

51 2400 174 2451 'ratarum
207 2407 237 2452 Et
246 2404 334 2454 eodem
343 2404 418 2462 libro,
434 2412 478 2452 lter
488 2405 688 2463 illudflrandrfium
705 2405 741 2467 (de
751 2420 792 2467 qrro
802 2404 937 2465 dubitabam)

58 2463 175 2527 sublatum
185 2468 287 2515 videtur:
303 2471 389 2531 legiones
400 2470 457 2515 errim
472 2470 588 2515 adventare
601 2470 710 2516 ditaretur.
743 2467 880 2524 Brundrsturrt
895 2481 939 2515 au-

64 2534 119 2574 tern
134 2518 276 2592 scripsimus,
292 2534 347 2594 quia
356 2531 388 2578 ira
400 2532 425 2577 in
436 2531 516 2578 multis
527 2528 693 2594 antiquissimis
702 2528 937 2593 codicibussctiptum

66 2588 263 2649 observavimus,
280 2606 305 2640 ut
316 2594 341 2640 in
356 2595 442 2641 Tacito
456 2595 530 2641 eriam
546 2593 608 2650 illo,
624 2593 649 2640 in
669 2607 718 2654 quo
734 2591 864 2640 conservari
885 2590 937 2640 sunt

66 2650 175 2717 quinque
190 2655 261 2718 primi
274 2655 326 2705 libri
341 2655 390 2716 ejus
401 2654 520 2712 historia,
534 2669 564 2706 err
577 2668 656 2718 eoque
669 2654 799 2717 exemplari
817 2656 842 2702 in
858 2655 939 2712 lucem

65 2712 141 2763 odiri:
156 2715 222 2778 quod
231 2718 303 2766 etiarn
314 2718 438 2767 Beroaldus
449 2719 491 2768 ille
505 2719 601 2778 iunior,
617 2719 658 2782 qui
667 2716 767 2766 editioni
779 2717 817 2766 illi
832 2717 936 2780 prefuit,

66 2774 178 2842 probavit
197 2778 375 2843 custodivitque.
408 2784 534 2837 Bporrrloror
555 2782 617 2830 hane
634 2780 717 2830 urbem
737 2782 813 2828 Grati
831 2794 937 2829 vocante

65 2855 119 2905 quo
130 2841 290 2909 modoetiam
300 2857 354 2890 earn
364 2844 467 2892 starola
478 2843 605 2908 appellavit
616 2841 646 2891 de
653 2842 790 2902 ¹Verborum
802 2842 938 2905 obligatio·

65 2903 153 2960 nibus,
169 2909 198 2955 L.
215 2908 369 2968 Qpiiiotm
387 2915 408 2966 i.
432 2908 571 2955 Callimachus
587 2920 685 2955 mutuom
701 2909 810 2968 pecaniam
828 2909 940 2953 nauticam

63 2966 257 3091 diffinitis
269 2971 664 3082 litiilintribus-titt
674 2973 857 3094 ‘risibilis‘
873 2968 938 3079 ll?

63 3106 120 3142 curn
131 3095 202 3157 igitur
216 3110 307 3143 nornen
324 3095 399 3159 magis
415 3095 488 3156 quam
504 3096 617 3142 Latinum
635 3095 724 3143 amavit
740 3093 862 3142 starola:
877 3108 936 3161 napa

63 3155 156 3220 semper
165 3158 226 3207 hanc
237 3156 319 3207 urbem
329 3158 355 3205 in
366 3172 394 3207 ea
404 3156 456 3220 lege
469 3155 501 3204 fic
511 3157 646 3221 appellavit.
678 3158 745 3204 Idem.
841 3158 845 3167 ’

97 3235 136 3273 92.
153 3223 208 3277 Sed,
224 3224 287 3285 quale
296 3223 372 3278 velit,
386 3223 456 3267 velim
465 3220 529 3280 scire.
561 3220 627 3281 Qod
641 3221 671 3266 atl
686 3233 706 3266 te
716 3231 796 3274 antea,
811 3229 875 3280 atquo
883 3222 934 3267 odeo

62 3280 126 3348 priris
137 3285 211 3346 scripfi
226 3284 271 3349 (fio
283 3287 341 3331 enim
358 3282 446 3335 mariti
461 3282 632 3344 adscribendum
644 3284 685 3330 rili·
697 3283 782 3329 veredis
796 3281 849 3327 certe*
862 3281 936 3344 ferilli

64 3362 101 3395 me
112 3349 220 3399 atriorem.
253 3348 298 3396 ,Ad
308 3361 370 3394 turem
380 3346 572 3404 enr'mjudieirrm.]
598 3350 656 3400 Pro,
671 3348 722 3392 vere*
732 3346 819 3401 dicere,
833 3344 934 3409 reposuit

64 3405 161 3465 Belius,
176 3412 259 3457 veredis
268 3409 336 3459 certe':
352 3423 459 3459 ceterum
468 3409 535 3457 aliter
545 3406 665 3472 distinguit
676 3407 778 3472 Junius,
799 3409 854 3464 Sed,
870 3411 935 3472 quale

63 3473 123 3523 volis
129 3504 138 3531 ,
154 3473 222 3522 eelim
227 3474 296 3538 seire:
310 3475 368 3539 qood
377 3474 406 3521 a'd
415 3488 435 3522 te
445 3485 507 3521 anteo
512 3486 582 3584 52qu
587 3473 639 3584 zolro
645 3469 794 3538 prr'rrssort'pfi.
826 3472 864 3522 oro
878 3472 936 3517 oiim

485 3540 508 3585 H
889 3547 938 3584 ml·
