2296 3900
179 122 368 190 Error.
410 132 483 182 nn
526 114 830 219 Ararxcuru.
876 124 957 195 1791

63 234 140 303 τοῖς·
175 230 278 290 vellem
297 240 357 289 tam
377 227 529 290 domestica
542 227 635 289 l’ferre
655 224 786 304 possem,
806 223 892 305 quim
905 225 978 288 islab
992 239 1072 303 fam

66 322 270 372 contemnere.
307 319 385 382 putas
406 318 501 365 autem
523 322 571 363 me
591 301 707 365 voluisse
731 303 857 379 aliquid,
876 304 1064 381 quodid-liu·
1134 352 1137 357 ,

69 385 233 466 perfeetum
250 402 311 443 non
325 381 379 442 fir?
398 374 538 442 nonlicet
554 381 655 442 scilicet
675 381 840 441 sententiam
859 379 952 440 suam:

69 464 122 524 sed
135 475 231 522 tamen
245 473 328 537 cquae
346 477 413 519 cum
434 458 494 519 aeta
516 458 578 519 suut
603 477 664 518 non
705 454 795 516 olium
815 475 875 517 nou
888 473 976 533 pro-c
989 472 1042 524 qua
1051 458 1109 516 adra

73 541 160 601 bare:
181 542 211 599 δι
224 553 321 597 tamen
335 555 396 597 non
409 553 504 596 curare
517 534 632 613 pulchre
645 476 755 612 possum
764 533 860 606 ,sicuti
873 525 1038 598 facium·

74 617 124 680 sed
137 613 258 676 nimium
273 614 361 674 multa
377 614 412 674 de
426 614 515 690 nugis.

343 801 605 850 emron
636 804 711 851 XXI.

288 949 470 1010 eruero
498 908 697 1011 Arrrc'o
726 951 752 1010 s.

77 1106 163 1217 AD
183 1103 308 1163 Hirtium
322 1103 454 1164 dederam
470 1105 611 1181 epistolam
628 1101 691 1162 sane
705 1101 856 1180 grandem,
871 1117 957 1178 quam

148 1180 302 1256 scripseram
323 1179 451 1256 proxime
479 1182 509 1240 in
531 1181 702 1240 Tusculano
742 1181 843 1249 Huic,
871 1186 956 1255 quam
1000 1212 1003 1219 ·
1038 1182 1041 1187 '

76 1255 161 1318 ‘itum
182 1258 251 1315 mihi
271 1257 363 1316 misisti
383 1299 391 1326 ,
410 1256 553 1317 rescribam
576 1259 648 1317 alias.
687 1274 763 1316 nunc
790 1256 846 1315 aliis
873 1253 983 1313 malod
998 1261 1078 1311 erarii.

79 1335 161 1411 Quid
173 1331 282 1410 possum
297 1333 332 1393 de
352 1333 530 1410 Torquato,
556 1334 608 1394 nili
623 1334 725 1412 aliquid
746 1331 762 1391 d
784 1328 958 1417 Dolabella?
1006 1400 1010 1407 Ι

77 1410 159 1488 quod
175 1410 301 1470 simulac
318 1453 328 1477 ,
348 1409 484 1470 continui)
506 1410 603 1472 scietis.
640 1409 830 1487 exspediabam
851 1407 959 1475 hodie,
1012 1412 1015 1417 '

80 1501 131 1546 aut
145 1486 285 1545 summum
300 1487 414 1557 cras,ab
429 1505 465 1547 eo
479 1487 646 1548 tabellarios:
665 1488 714 1565 qui
733 1486 857 1545 simulac
872 1501 960 1542 vene·
1006 1529 1011 1541 .,

56 1602 63 1613 ,
79 1565 155 1631 rint,
175 1565 319 1622 mittentur
333 1563 368 1622 ad
383 1576 420 1622 te.
455 1564 484 1623 A
498 1566 609 1640 Quinto
624 1563 760 1640 exspecto.
785 1560 960 1638 proficiscens

78 1641 160 1700 enim
176 1639 192 1698 ὲ
206 1639 365 1698 Tusculano
380 1658 434 1698 rnr.
449 1640 502 1700 kat
514 1653 545 1700 ut
557 1641 629 1712 scis,
649 1640 710 1701 mifi
730 1639 766 1699 ad
788 1657 854 1698 eum
874 1637 960 1697 tabel-

76 1716 173 1779 larios.
211 1714 315 1783 Nunc,
335 1715 371 1774 ad
396 1733 457 1775 rem
484 1729 516 1775 ut
542 1717 678 1787 redeam,
713 1726 743 1770 79
752 1714 865 1775 inhibere
891 1712 958 1772 iilud

73 1804 162 1925 tipprrp
172 1789 457 1926 ,nprprpdbplplidpopplipi
481 1792 618 1926 aarrtiserat,
632 1795 814 1853 vehementer
828 1790 959 1943 diisplippit.

79 1886 99 1926 e
154 1886 183 1926 m
465 1886 485 1926 u
502 1886 618 1927 uicum.
676 1886 740 1928 uam
761 1887 826 1928 uam
946 1899 960 1909 -

79 1943 151 2003 dern
165 1942 301 2002 sciebam:
322 1942 368 2002 sed
381 1943 525 2002 arbitrabar
538 1886 772 2005 sustineriqremgs
787 1987 796 2014 ,
816 1942 881 2002 cum
894 1944 979 2002 ein·e
994 1937 1094 1992 inhiberi

79 2020 177 2080 hibere
193 2016 279 2090 essent
293 2020 410 2096 remiges
419 2020 492 2096 juffi.
528 2020 558 2080 id
572 2039 633 2081 non
648 2019 701 2081 esse
723 2019 859 2095 ejusmodi
877 2019 959 2078 didici
966 2005 1017 2056 ⁴²¹¹·

80 2094 160 2169 beri,
180 2095 244 2156 cum
259 2096 295 2157 ad
308 2097 401 2157 villam
415 2096 537 2157 nostram
551 2097 629 2159 navis
647 2096 836 2175 appelleretur.
862 2092 959 2182 80non

883 2189 960 2231 emm

116 2333 155 2381 γε.
172 2325 262 2383 laudicia
271 2328 350 2375 videar
358 2333 444 2385 tenera]
459 2331 492 2376 Ut
505 2328 586 2378 videar
600 2343 681 2378 tenere
692 2326 776 2383 iudicia
792 2326 956 2390 &opiniones

81 2388 213 2438 hominurn
227 2388 257 2436 de
272 2404 330 2447 me,
351 2389 398 2439 hoc
412 2389 465 2449 est,
487 2405 513 2440 ur
525 2407 565 2440 me
580 2394 654 2441 talem
670 2389 716 2440 esse
726 2393 842 2446 credam,
858 2390 956 2453 qualern

81 2451 198 2509 homines
210 2449 351 2502 existimant.
368 2453 448 2510 eostur.
481 2457 549 2503 Male
558 2453 646 2505 Rosius.
679 2455 760 2505 sensus
772 2453 825 2508 est,
842 2451 907 2515 quafi
917 2466 959 2500 ve-

83 2528 114 2564 ro
126 2511 151 2562 id
162 2514 222 2562 milri
233 2528 291 2563 cure
301 2514 375 2573 fit,ur
387 2517 413 2565 in
423 2514 479 2564 soro
491 2517 602 2566 dominer
615 2553 622 2574 ,
638 2519 759 2582 &primur
771 2521 901 2565 oratorum
911 2512 958 2564 elie

83 2576 177 2626 videar.
207 2577 244 2626 Sic
255 2577 331 2635 forum
344 2592 413 2628 terrm
426 2577 488 2627 dixit
498 2580 524 2628 in
538 2584 610 2630 Bruto
621 2597 659 2639 27.
678 2583 762 2642 scenam
775 2594 843 2627 team
860 2583 957 2628 sueton.
1066 2588 1071 2599 ‘

85 2639 178 2698 ‘riba
211 2640 370 2700 aronam.
400 2661 404 2666 ·

121 2717 160 2760 ⁷9·
176 2704 272 2750 labiim
282 2704 340 2750 illud
350 2709 433 2763 raum]
445 2704 492 2767 Qui
502 2701 563 2753 soles
572 2704 671 2768 ὶπέχιιν.
687 2712 754 2768 epe,
770 2701 855 2752 liber.
867 2704 906 2752 vei
917 2705 960 2768 qui

85 2780 160 2877 &aa
177 2767 264 2828 inipso
280 2765 346 2814 reddi
360 2771 445 2815 Latine
461 2764 526 2830 poffe
540 2781 581 2832 per
598 2766 694 2816 verbum
709 2770 808 2815 inhibere.
830 2766 959 2818 conadae.

138 2828 212 2877 bocee
223 2840 279 2877 roto
288 2830 345 2878 loco
354 2830 435 2878 multis
445 2829 547 2895 disputat
557 2829 580 2894 J.
591 2832 616 2881 F.
629 2828 765 2880 Gronovius
777 2831 817 2879 lib.
825 2844 859 2878 ιν.
876 2830 962 2880 Obser-

83 2892 212 3006 vGurionum
227 2905 279 2957 orep.
290 2899 328 2943 ιε.
344 2906 418 2958 quem
431 2894 506 2951 vide,
528 2896 555 2943 δι
566 2908 619 2958 que
634 2909 664 2942 er
674 2895 719 2943 illo
730 2893 810 2944 statim
823 2887 960 2945 afferentur.

110 2972 164 3005 nv.
745 2980 752 2987 ‘
795 2976 797 2981 '

122 3024 161 3069 to.
178 3024 228 3066 Non
234 3018 293 3063 enim
298 3015 420 3078 sustinent,
432 3017 470 3081 fed
480 3019 525 3066 atio
534 3019 595 3066 mdo
605 3022 728 3076 amizone]
759 3023 846 3067 Verum
862 3019 909 3069 hoc
920 3019 961 3072 esd.

87 3083 157 3131 Nam
167 3081 209 3146 qui
224 3082 318 3127 inhibent
333 3079 411 3129 versus
490 3082 544 3136 im,
561 3093 611 3128 non
628 3079 704 3130 versus
719 3096 814 3146 proram
830 3084 961 3149 remigant,

87 3142 336 3193 nonconversanari.
368 3094 559 3205 Qroffisebanr
575 3143 672 3200 facere,
693 3156 733 3193 aur
750 3158 805 3207 curn
826 3146 851 3192 in
888 3144 964 3197 roelila

79 3206 228 3262 navalibus,
236 3218 291 3253 cum
301 3206 432 3270 paullulum
444 3204 616 3255 retrocederent
627 3209 701 3271 proris
711 3205 800 3271 semper
810 3207 865 3262 obie
889 3209 908 3258 ‘a
918 3208 966 3259 bo·

88 3266 134 3325 sti,
149 3282 187 3327 nt,
198 3269 377 3318 uehementiore¹
391 3271 482 3333 impetu
492 3268 635 3326 redeuntes,
651 3268 827 3333 impreilionem
843 3271 964 3331 facerem

92 3344 133 3380 eur
143 3331 231 3382 manse
247 3332 371 3396 paullatim
383 3332 544 3382 subtraherent
557 3346 641 3398 pugne
656 3332 739 3399 sugam
756 3329 967 3400 aperientem·

90 3393 221 3444 manifesta
231 3392 306 3460 siege,
323 3396 403 3458 palam
413 3409 448 3447 rer
490 3395 588 3454 denter,
600 3393 699 3460 speciem
710 3396 843 3463 pabeant:
859 3412 899 3448 eur
909 3410 967 3447 aaut

89 3469 189 3522 portum
199 3454 274 3512 essent
289 3456 428 3527 ingredire,
445 3411 576 3517 &aaron
589 3459 667 3513 littori
680 3462 819 3530 applieiruri.
853 3458 971 3573 πῃ
1044 3476 1066 3525 l·
1083 3474 1105 3555 ,ζ

1077 3556 1105 3617 ‘ei
