2296 3900
155 114 351 205 Error.
390 129 463 178 rto
504 111 809 188 nerteutt.
851 130 935 207 1977¹

49 228 134 287 satim
147 226 269 305 prorsum
293 225 372 285 ¹⁸sed
382 228 535 287 Xenonem
550 226 699 304 perexigui
715 270 724 296 ‚
751 230 782 288 &
798 231 935 303 ymxpde

53 306 195 380 praebere,
214 306 242 364 id
257 304 295 362 eli
303 306 471 363 minutatim.
491 321 550 381 quo
565 304 624 380 plus
645 306 828 379 permutasti,
846 308 933 383 qu'am

53 382 91 439 ad
104 380 223 441 frustum
237 382 404 449 insularum,
425 380 454 440 id
468 380 513 439 ille
527 392 636 440 cannus
658 380 756 438 lrabeat
773 423 782 450 ,
803 382 831 441 in
846 400 932 459 quem
943 406 957 443 e
970 396 1051 447 omnia

55 458 158 518 itineris
181 458 305 533 sumptus
326 457 441 517 accessit.
478 458 545 516 hine
574 476 609 515 etr
630 457 684 516 kal.
705 458 794 532 April.
815 459 848 517 ad
864 460 998 523 ll-S.MS·

54 551 139 593 ιω.
152 534 393 595 accommodetur.
432 552 509 595 nunc
523 534 598 593 enim
622 533 716 592 insulae
737 547 855 593 tantum.
895 536 936 595 vi-

54 610 181 669 dendum
196 614 273 670 enim
289 611 343 681 eli,
363 610 454 687 quid,
474 609 538 669 ciam
560 613 664 670 Romae
684 612 743 669 erit.
784 612 937 673 nonenim

54 700 127 763 puto
156 688 265 746 socrum
299 688 373 747 illam
400 689 553 747 ferendam.
597 689 717 747 Pindaro
741 687 936 751 ¹9decumano

55 780 198 838 negatam.
238 765 339 832 Nunc,
359 765 437 840 cujus
451 766 490 823 rei
503 762 581 823 causti
602 764 773 823 tabellarium
789 765 935 837 miserim,

56 842 163 914 accipe.
202 842 241 915 Q.
254 840 324 899 filius
339 843 407 901 milti
422 841 566 916 pollicetur
585 840 611 900 se
627 844 778 899 Catonem.
817 844 872 917 egit
886 861 936 901 au-

56 928 119 975 tem
143 918 172 975 &
192 932 268 991 pater
287 922 316 977 ὅ(
329 917 424 987 filius,
444 930 475 977 ut
494 920 543 977 tibi
557 918 722 992 sponderem
741 938 747 975 :
767 917 884 987 sedita,
904 932 936 980 ut

56 1005 122 1050 tum
143 996 290 1064 crederes,
316 994 381 1053 citm
402 994 457 1069 ipse
480 992 632 1070 cognolles.
670 995 736 1052 huic
757 1012 811 1071 ego
831 997 935 1055 litteras

57 1066 141 1143 iplius
157 1070 284 1129 arbitratu
302 1071 384 1130 dabo.
422 1088 465 1129 eae
486 1082 514 1128 te
535 1089 571 1129 ne
592 1072 741 1130 moverint.
780 1075 827 1130 has
844 1072 934 1148 scripsi

58 1145 89 1202 in
105 1162 166 1203 eam
182 1160 313 1221 partem,
351 1166 387 1206 ne
409 1166 456 1206 me
472 1158 584 1207 motum
601 1161 717 1223 putares.
755 1147 794 1207 dii
820 1150 933 1219 faxint,

60 1234 94 1279 ut
128 1222 209 1283 faciat
241 1242 308 1294 ea,
346 1240 412 1301 quae
447 1224 585 1299 promittit
615 1229 621 1281 l
663 1242 817 1284 commune
855 1228 933 1286 enim

9 1358 13 1368 ,
59 1296 200 1373 gandium.
218 1299 264 1360 sed
279 1318 335 1377 ego
351 1302 418 1360 nihil
432 1299 497 1359 dico
518 1300 641 1376 amplius.
679 1303 701 1359 is
714 1304 779 1360 hinc
794 1320 847 1360 vrr.
861 1302 932 1363 idus.

9 1414 20 1442 -,
59 1375 99 1431 ait
112 1377 186 1433 enim
202 1378 410 1436 attributionem
424 1379 453 1436 in
468 1378 545 1445 idus,
565 1377 592 1435 se
613 1389 706 1437 autem
721 1380 810 1453 urgeri
824 1381 930 1442 acriter.

59 1462 91 1509 tu
106 1468 140 1509 ex
158 1454 226 1512 meis
239 1455 349 1523 litteris,
390 1472 428 1513 uo
445 1455 532 1513 modo
546 1452 722 1529 respondeas,
741 1452 953 1515 dmoderabar-tl
978 1463 1082 1516 medita.

9 1534 28 1567 Ξ
59 1544 99 1585 re.
138 1529 234 1598 Plura,
253 1529 318 1589 eiam
333 1534 364 1589 &
401 1545 494 1589 rutum
509 1530 623 1597 videto;
645 1534 674 1591 ὅ(
695 1532 812 1591 Erotem
834 1527 991 1592 remit-bere
1001 1532 1052 1579 ⁴1²⁶·

10 1602 28 1677 Γ
60 1614 130 1661 tam.
168 1606 273 1663 Atticae
287 1624 360 1665 meae
373 1607 578 1665 excusationem
590 1609 715 1683 accipio,
734 1626 853 1687 eamque
867 1626 935 1669 amo

10 1686 28 1757 [g
63 1680 231 1755 plurimum:
253 1683 299 1740 cui
318 1685 347 1741 bt
360 1684 436 1742 l’iliae
448 1682 572 1741 salutem.

850 1842 942 1891 Ert-

11 2124 13 2135 '
99 2128 802 2194 18.Sedemempnexigaetl'aeraataueriCerprebere]
831 2133 938 2198 Spatium

11 2232 13 2245 .
65 2193 144 2256 longo
154 2210 261 2259 tempore
277 2197 314 2245 bie
324 2198 395 2244 inane
405 2193 491 2244 manfit
498 2229 505 2252 ‚
512 2198 593 2243 Greca
603 2193 747 2244 enimdiblio
756 2194 938 2246 desiderabatur:

11 2249 13 2259 '
66 2260 178 2305 nonnulli
200 2260 406 2320 κιτιιιομαπζων
426 2260 595 2323 repoliterunt,
621 2272 671 2305 non
696 2256 807 2307 consultis
833 2260 938 2323 antiquie

65 2321 252 2382 exemplaribus,
262 2320 483 2385 queeiuaditiionis
495 2335 527 2370 ne
535 2320 644 2368 umbram
654 2322 750 2384 quidem
763 2322 858 2373 habent.
876 2328 939 2373 Ger·

66 2383 135 2429 mani
148 2384 215 2445 primi
232 2384 294 2433 teile
314 2387 340 2434 bt
357 2383 441 2434 nostris
458 2384 620 2447 manuletiptis
635 2387 802 2435 convenienter
818 2386 939 2451 palmare

66 2442 223 2494 restituerunt:
244 2448 313 2495 nullo
323 2450 388 2497 enim
399 2451 475 2513 magia
485 2448 581 2511 proprio
594 2448 619 2496 δι
630 2460 688 2511 apto
699 2449 771 2497 verbo
785 2449 820 2497 uti
832 2462 934 2512 poterat.

67 2521 94 2555 ue
107 2510 211 2556 xenonis
252 2509 331 2557 lillum
343 2514 368 2560 be
383 2509 500 2559 sordidum
512 2511 620 2560 animum
637 2512 797 2574 exprimeret,
814 2514 854 2574 qui
865 2512 939 2561 nimia

86 2571 137 2619 arce
149 2574 173 2620 bt
185 2573 220 2620 illi
277 2575 330 2623 liter
340 2573 467 2636 prebebat,
484 2589 535 2639 qnae
546 2574 657 2621 Ciceroni
668 2572 719 2622 filio
729 2574 854 2622 attribuere
868 2573 941 2623 debe·

65 2586 116 2683 fiat.
133 2636 197 2695 Quin
209 2636 235 2683 bt
245 2652 291 2685 noa
301 2650 384 2685 vocem
396 2638 509 2685 babemus
520 2635 601 2685 nossro
612 2636 637 2683 in
647 2634 753 2684 sermone
765 2636 779 2685 a
791 2640 873 2684 Graeca
879 2637 938 2695 bae,

65 2711 91 2744 ut
104 2697 216 2753 arbitror,
231 2697 371 2754 deductam,
387 2701 483 2762 paulum
493 2713 574 2748 tamen
587 2698 752 2754 immutatam,
764 2713 811 2762 qua
820 2698 941 2750 sordidum

66 2763 93 2809 ἃ
108 2760 184 2824 putilli
196 2762 270 2810 animi
281 2764 403 2810 hominem
419 2763 578 2825 appellamus,
601 2760 785 2825 adverbiumque
799 2760 829 2809 ab
844 2776 873 2811 ea
888 2762 942 2812 for·

66 2838 176 2879 marum,
192 2824 258 2886 quod
273 2827 298 2873 in
314 2821 444 2887 fignificatu
460 2825 513 2874 lruic
529 2822 628 2874 mirifice
636 2823 776 2896 respondet.
799 2826 875 2876 Vitior.
909 2830 940 2873 m

66 2888 548 3017 {ltmtit'tit't‘tizisssstt‘tt³,
561 2887 942 3012 lzttltitlblblttlllt

64 3018 182 3062 Ceterum
194 3015 316 3062 Manutius
328 3026 393 3077 purat
405 3012 454 3060 hae
464 3013 547 3068 verba,
564 3014 589 3059 t‘d
598 3011 626 3069 etl
637 3017 777 3069 minutatim,
793 3013 831 3060 vel
843 3046 850 3069 ,
867 3018 941 3060 mittat·

65 3082 216 3140 retorquam
227 3076 259 3125 eli
270 3080 294 3124 in
308 3072 476 3140 vulgatb,else
486 3074 610 3137 glossema.
627 3078 725 3124 ctericus.
742 3078 830 3136 Utique
842 3091 891 3124 non
902 3074 941 3125 so·

66 3141 101 3188 ier
112 3135 199 3189 Cieero
209 3143 234 3188 in
246 3141 281 3188 lais
292 3138 397 3201 epistolia
405 3141 558 3201 interpretem
574 3139 647 3186 talem
664 3154 739 3201 agere.
769 3147 808 3187 An
826 3137 870 3186 fuit
881 3144 889 3188 l
898 3140 939 3201 sed

68 3208 177 3250 Xenonem
186 3207 297 3267 perext'gu
308 3206 334 3254 ἅ
345 3218 463 3263 pammac
469 3204 557 3262 pralnre
565 3204 591 3248 r'd
602 3204 627 3251 aa*
639 3206 772 3251 minutatim.
791 3206 900 3252 Gronov.

103 3281 137 3319 19.
156 3273 298 3324 Damam]
312 3265 387 3314 Redde
398 3264 430 3313 lic
440 3262 521 3313 uotiua
534 3280 579 3328 pro
589 3267 615 3310 de
627 3269 724 3315 Cumano.
748 3265 849 3313 Pindaro
861 3271 939 3314 Decu-

69 3342 145 3375 mano
153 3330 185 3378 a}
197 3329 336 3395 publicano,
353 3344 382 3377 ex
393 3329 435 3384 iia,
450 3329 492 3390 qui
502 3327 614 3376 decumas
623 3338 734 3388 agrorum
742 3327 891 3393 publicorum
901 3342 940 3379 re·

68 3390 199 3444 demetunt.
232 3398 339 3459 suptar.
351 3408 387 3442 ιο.
403 3392 566 3453 merom.

467 3516 611 3580 teletas
856 3530 895 3568 20·
912 3518 946 3562 W
